@misc{WORLDIPV62012,
     author={{World IPv6 Launch}},
     title={LESS THAN 12 HOURS TO GO? ARE YOU READY?},
     year = {2012},
     url="\url{http://www.worldipv6launch.org/less-than-12-hours-to-go-are-you-ready/}",
     note = "[accessed: 2017-03-21]"
}

@misc{ THINGSPEAK,
   author = "ThingSpeak",
   title = {{ThingSpeak} Platform Description},
   year = "2011",
   url = "\url{https://thingspeak.com/}",
   note = "[accessed: 2017-03-22]"
 }

@misc{KRISHNA2014,
     author={{Anipindi, Krishna}},
     title={An Introduction to ThingSpeak},
     year = {2014},
     url={https://www.codeproject.com/articles/845538/an-introduction-to-thingspeak},
     note = "[accessed: 2017-03-22]"
}

@misc{HADOOP2013,
     author={{Jones, M. Nelson, M.}},
     title={Moving ahead with Hadoop YARN},
     year = {2013},
     url="\url{https://www.ibm.com/developerworks/library/bd-hadoopyarn/}",
     note = "[accessed: 2017-03-22]"
}

@misc{XIVELY,
     author="Xively",
     title={7 Building Blocks for Success in the Internet of Things},
     year = {2013},
     url="\url{https://www.ibm.com/developerworks/library/bd-hadoopyarn/}",
     note = "[accessed: 2017-03-23]"
}
@Article{TTEO2016,
AUTHOR = {Yun, Jaeseok and Ahn, Il-Yeup and Choi, Sung-Chan and Kim, Jaeho},
TITLE = {TTEO (Things Talk to Each Other): Programming Smart Spaces Based on IoT Systems},
JOURNAL = {Sensors},
VOLUME = {16},
YEAR = {2016},
NUMBER = {4},
ARTICLE  = {467},
URL = "\url{http://www.mdpi.com/1424-8220/16/4/467}",
ISSN = {1424-8220},
ABSTRACT = {The Internet of Things allows things in the world to be connected to each other and enables them to automate daily tasks without human intervention, eventually building smart spaces. This article demonstrates a prototype service based on the Internet of Things, TTEO (Things Talk to Each Other). We present the full details on the system architecture and the software platforms for IoT servers and devices, called Mobius and &amp;Cube, respectively, complying with the globally-applicable IoT standards, oneM2M, a unique identification scheme for a huge number of IoT devices, and service scenarios with an intuitive smartphone app. We hope that our approach will help developers and lead users for IoT devices and application services to establish an emerging IoT ecosystem, just like the ecosystem for smartphones and mobile applications.},
DOI = {10.3390/s16040467}
}

@inproceedings{Pousman:2006:TAI:1133265.1133277,
 author = {Pousman, Zachary and Stasko, John},
 title = {A Taxonomy of Ambient Information Systems: Four Patterns of Design},
 booktitle = {Proceedings of the Working Conference on Advanced Visual Interfaces},
 series = {AVI '06},
 year = {2006},
 isbn = {1-59593-353-0},
 location = {Venezia, Italy},
 pages = {67--74},
 numpages = {8},
 url = {http://doi.acm.org/10.1145/1133265.1133277},
 doi = {10.1145/1133265.1133277},
 acmid = {1133277},
 publisher = {ACM},
 address = {New York, NY, USA},
 keywords = {ambient display, design guidelines, notification system, peripheral display, taxonomy, ubiquitous computing},
} 
@article{Mashal2015,
title = "Choices for interaction with things on Internet and underlying issues ",
journal = "Ad Hoc Networks ",
volume = "28",
pages = "68--90",
year = "2015",
issn = "1570-8705",
doi = "http://dx.doi.org/10.1016/j.adhoc.2014.12.006",
url = "http://www.sciencedirect.com/science/article/pii/S1570870514003138",
author={Ibrahim Mashal and Osama Alsaryrah and Tein-Yaw Chung and Cheng-Zen Yang and Wen-Hsing Kuo and Dharma P. Agrawal},
keywords = "Internet of Things;Social Internet of Things;Social Web of Things;Web of Things;Wireless Sensor Networks "
}

@article{streitz2001augmented,
  title={Augmented reality and the disappearing computer},
  author={Streitz, N},
  journal={Cognitive Engineering, Intelligent Agents and Virtual Reality},
  volume={1},
  pages={738--742},
  year={2001},
  publisher={Citeseer}
}

@article{ITU2005,
     author = {International Telecommunication Union},
     title={{ITU Internet Reports 2005: The Internet of Things}},
     journal={ITU Internet Report Series},
     group = {itu},
     year = {2005},
     url="\url{https://www.itu.int/pub/S-POL-IR.IT-2005/e}",
     note = "[accessed: 2017-03-19]",
     institution = {International Telecommunication Union}
}

@techreport{Evans2011,
     author = {Evans, Dave},
     title={{A Internet das Coisas, Como a próxima evolução da Internet está mudando tudo}},
     group = {cisco},
     year = {2011},
     institution = {Cisco Internet Business Solutions Group},
     url="\url{http://www.cisco.com/c/dam/global/pt_br/assets/executives/pdf/internet_of_things_iot_ibsg_0411final.pdf}",
     note = "[accessed: 2017-03-20]"
}

@misc{Zhengyan2009,
author={{Zhengyan, Xiong  and Yaguang, Wang}},
title={Premier reveals personal stories behind major policy changes - INTERNET OF THINGS},
year={2009},
url={\url{http://news.xinhuanet.com/english/2009-12/27/content_12712474.htm}},
     note = "[accessed: 2017-03-21]"
}

@misc{SteveMann1995,
author={{Mann, Steve}},
title={wearcam.org as roving reporter},
year={1995},
url={http://wearcam.org/eastcampusfire.htm},
note = "[accessed: 2017-03-13]"
}

@misc{Stafford-Fraser1995,
author={{Stafford-Fraser, Quentin}},
title={The Trojan Room Coffee Machine},
year={1995},
url={http://www.cl.cam.ac.uk/coffee/coffee.html},
note = "[accessed: 2017-03-13]"
}


@ARTICLE{Romkey2017, 
author={J. Romkey}, 
journal={IEEE Consumer Electronics Magazine}, 
title={Toast of the IoT: The 1990 Interop Internet Toaster}, 
year={2017}, 
volume={6}, 
number={1}, 
pages={116-119}, 
keywords={Computers;Internet;Internet of Things;Ports (Computers);Software development;Syntactics}, 
doi={10.1109/MCE.2016.2614740}, 
ISSN={2162-2248}, 
month={Jan},
}
@ARTICLE{Weiser1999, 
author={M. Weiser and R. Gold and J. S. Brown}, 
journal={IBM Systems Journal}, 
title={The origins of ubiquitous computing research at PARC in the late 1980s}, 
year={1999}, 
volume={38}, 
number={4}, 
pages={693-696}, 
doi={10.1147/sj.384.0693}, 
ISSN={0018-8670}, 
month={},}

@misc{Mockapetris1983,
author={{P. Mockapetris}},
title={DOMAIN NAMES - CONCEPTS and FACILITIES},
year={1983},
 month = november,
url={https://tools.ietf.org/html/rfc882},
note = "[accessed: 2017-03-17]"
}

@misc{Berners-Lee1989,
author={{Berners-Lee, Tim}},
title={Information Management: A Proposal},
year={1989},
 month = may,
url={https://www.w3.org/History/1989/proposal.html},
note = "[accessed: 2017-03-17]"
}
@misc{MichaelHAUBEN1995,
author={{Hauben, Michael}},
title={Behind the Net: The Untold History of the ARPANET and Computer Science},
year={1995},
url={http://www.columbia.edu/~rh120/ch106.x07},
note = "[accessed: 2017-03-17]"
}

@book{McLuhan1964,
  title={Understanding Media: The Extensions of Man},
  author={McLuhan, M.},
  url={https://books.google.com.br/books?id=m7poAAAAIAAJ},
  year={1964},
  publisher={McGraw-Hill}
}

@inproceedings{Brave:1997:IMH:1120212.1120435,
 author = {Brave, Scott and Dahley, Andrew},
 title = {inTouch: A Medium for Haptic Interpersonal Communication},
 booktitle = {CHI '97 Extended Abstracts on Human Factors in Computing Systems},
 series = {CHI EA '97},
 year = {1997},
 isbn = {0-89791-926-2},
 location = {Atlanta, Georgia},
 pages = {363--364},
 numpages = {2},
 url = {http://doi.acm.org/10.1145/1120212.1120435},
 doi = {10.1145/1120212.1120435},
 acmid = {1120435},
 publisher = {ACM},
 address = {New York, NY, USA},
 keywords = {force feedback, haptics, interpersonal communication, telepresence},
} 
@article{Saffo:1997:SNW:253671.253734,
 author = {Saffo, Paul},
 title = {Sensors: The Next Wave of Innovation},
 journal = {Commun. ACM},
 issue_date = {Feb. 1997},
 volume = {40},
 number = {2},
 month = feb,
 year = {1997},
 issn = {0001-0782},
 pages = {92--97},
 numpages = {6},
 url = {http://doi.acm.org/10.1145/253671.253734},
 doi = {10.1145/253671.253734},
 acmid = {253734},
 publisher = {ACM},
 address = {New York, NY, USA}
} 

@Inbook{Mattern2010,
author={{Mattern, Friedemann and Floerkemeier, Christian}}, 
editor={{Sachs, Kai and Petrov, Ilia and Guerrero, Pablo}},
title={From the Internet of Computers to the Internet of Things},
year={2010},
address="Berlin, Heidelberg",
pages="242--259",
isbn="978-3-642-17226-7",
doi="10.1007/978-3-642-17226-7_15",
url="http://dx.doi.org/10.1007/978-3-642-17226-7_15",
publisher={Springer Berlin Heidelberg}
}

@article{Ashton2009,
    author={Ashton, Kevin},
    journal={RFID Journal},
    posted-at={2009-06-22},
    title={That 'Internet of Things' Thing},
    year={2009}
}

@misc{Gates2003,
author={{Gates, Bill}},
title={The Disappearing Computer by Bill Gates},
year={2003},
publisher="The Economist",
url={https://www.microsoft.com/presspass/ofnote/11-02worldin2003.mspx},
note = "[accessed: 2017-03-12]"
}


@misc{PACHUBE2017,
title={Pachube},
year={2011},
publisher="haque",
url={http://www.haque.co.uk/pachube.php},
note = "[accessed: 2017-03-16]"
}

@misc{Postscapes2016,
author={{Postscapesl}},
title={Internet of Things (IoT) History},
year={2016},
publisher="Postscapes",
url={http://www.postscapes.com/internet-of-things-history/},
note = "[accessed: 2017-03-12]"
}

@article{Streitz:2005:INT:1047671.1047700,
 author = {Streitz, Norbert and Nixon, Paddy},
 title = {Introduction},
 journal = {Commun. ACM},
 issue_date = {March 2005},
 volume = {48},
 number = {3},
 month = mar,
 year = {2005},
 issn = {0001-0782},
 pages = {32--35},
 numpages = {4},
 url = {http://doi.acm.org/10.1145/1047671.1047700},
 doi = {10.1145/1047671.1047700},
 acmid = {1047700},
 publisher = {ACM},
 address = {New York, NY, USA},
} 

@article{Weiser1991,
 author = {Weiser, Mark},
 title = {The Computer for the 21st Century},
 journal = {Scientific American},
 volume = {265},
 number = {3},
 year = {1991},
 issn = {1559-1662},
 pages = {94--104},
 numpages = {9},
 url = {http://www.nature.com/scientificamerican/journal/v265/n3/full/scientificamerican0991-94.html},
 doi = {doi:10.1038/scientificamerican0991-94}
 } 
 
 @ARTICLE{Weiser1993, 
author={M. Weiser}, 
journal={Computer}, 
title={Hot topics-ubiquitous computing}, 
year={1993}, 
volume={26}, 
number={10}, 
pages={71-72}, 
keywords={microcomputers;personal computing;technological forecasting;computing access;personal computer;personal computing;ubiquitous computing;unobtrusive technology;Application software;Computer displays;Computer networks;Hardware;Information technology;Personal digital assistants;Pervasive computing;Portable computers;Protocols;Ubiquitous computing}, 
doi={10.1109/2.237456}, 
ISSN={0018-9162}, 
month={Oct},}

@article{Vanolo2014,
	author = {Alberto Vanolo},
	title = {Smartmentality: The Smart City as Disciplinary Strategy},
	journal = {Urban Studies},
	volume = {51},
	number = {5},
	pages = {883-898},
	year = {2014},
	doi={10.1177/0042098013494427},
	url={http://dx.doi.org/10.1177/0042098013494427},
}

@Inbook{Rogers2006,
author={Rogers, Yvonne},
editor={Dourish, Paul and Friday, Adrian},
title={Moving on from Weiser's Vision of Calm Computing: Engaging UbiComp Experiences},
year={2006},
publisher={Springer Berlin Heidelberg},
pages={404--421},
url={http://dx.doi.org/10.1007/11853565_24},
isbn={978-3-540-39635-2},
doi={10.1007/11853565_24}
}

@INPROCEEDINGS{Brown2012, 
author={J. N. A. Brown}, 
booktitle={2012 IEEE International Conference on Multimedia and Expo}, 
title={Expert Talk for Time Machine Session: Designing Calm Technology as Refreshing as Taking a Walk in the Woods}, 
year={2012}, 
pages={423-423}, 
doi={10.1109/ICME.2012.24}, 
ISSN={1945-7871}, 
month={July},
}
@INPROCEEDINGS{6337349, 
author={C. Manteli and H. v. Vliet and B. v. d. Hooff}, 
booktitle={2012 IEEE Seventh International Conference on Global Software Engineering}, 
title={Adopting a Social Network Perspective in Global Software Development}, 
year={2012}, 
pages={124-133}, 
keywords={distributed processing;pattern clustering;social networking (online);software engineering;3C collaboration model;clustering structure;communication aspects;cooperation aspects;coordination aspects;core-periphery structure;distributed software development;distributed team members;global networks;global software development;global software teams;social network analysis techniques;software engineering researchers;systematic literature review;Collaboration;Electronic mail;Libraries;Social network services;Software;Software engineering;Systematics;distributed teams;global software development;social network analysis}, 
doi={10.1109/ICGSE.2012.10}, 
ISSN={2329-6305}, 
month={Aug},
}
@incollection{Weiser:1997:CAC:504928.504934,
author = {Weiser, Mark and Brown, John Seely},
chapter = {The Coming Age of Calm Technolgy},
title = {The Coming Age of Calm Technolgy},
booktitle = {Beyond Calculation},
editor = {Denning, Peter J. and Metcalfe, Robert M.},
year = {1997},
isbn = {0-38794932-1},
pages = {75--85},
numpages = {11},
url = {http://dl.acm.org/citation.cfm?id=504928.504934},
acmid = {504934},
publisher = {Copernicus},
address = {New York, NY, USA},
} 
@article{SeelyBrown2004143,
	title = "Minding and Mining the Periphery ",
	journal = "Long Range Planning ",
	volume = "37",
	number = "2",
	pages = "143 - 151",
	year = "2004",
	note = "",
	issn = "0024-6301",
	doi = "http://dx.doi.org/10.1016/j.lrp.2004.01.001",
	url = "http://www.sciencedirect.com/science/article/pii/S0024630104000147",
	author = "John Seely Brown",
	abstract = "This paper cites examples of where peripheral events have caused ripples that reached right to the centre of an organisation. However, it also says that activities on the periphery can be a source of strategic insights. It suggests some tools for creating a sensing organisation that include establishing listening posts and developing communities of practice. It concludes by saying managers need to create the ‚Äòambidextrous‚Äô corporation, whereby they use these tools for probing the periphery without making them a distraction from the central business. "
}

@misc{Levin2008,
author={{Levin, Vladimir}},
title={Evaluating Unattended Technology, a Subset of Calm Technology},
year={2008},
publisher="UWSpace",
url={http://hdl.handle.net/10012/4065}
}

@Article{ABDALLA2006,
  Title                    = {{A communication model for structural design objects. II: Performatives and protocols}},
  Author                   = {Abdalla, Jamal A},
  Journal                  = {Advances in Engineering Software},
  Year                     = {2006},
  Pages                    = {393 -- 405},
  Doi                      = {10.1016/j.advengsoft.2005.09.001},
  ISSN                     = {0965-9978},
  Url                      = {http://www.sciencedirect.com/science/article/pii/S0965997805001407}
}

@Article{ABDELAZIZ2010,
  Title                    = {{MASD : Multi-Agent Systems Development}},
  Author                   = {Abdelaziz, T},
  Year                     = {2010},
  Pages                    = {1--48}
}

@Article{ABELE2008,
  Title                    = {Global production},
  Author                   = {Abele, Eberhard and Meyer, Tobias and Naher, Ulrich and Strube, Gernot and Sykes, Richard},
  Journal                  = {A Handbook for Strategy and Implementation, Berlin--Heidelberg},
  Year                     = {2008},
  Publisher                = {Springer}
}

@Article{ADMS2006,
  Title                    = {Rejoinders to Establishing an NPD Best Practices Framework},
  Author                   = {ADMS, Marjorie},
  Journal                  = {Journal of Product Innovation Management},
  Year                     = {2006},
  Pages                    = {117--127}
}

@Article{AKILLIOGLU2013,
  Title                    = {{Demand responsive planning: workload control implementation}},
  Author                   = {Akillioglu, H and Ferreira, J and Onori, M},
  Journal                  = {Assem. Autom.},
  Year                     = {2013},
  Number                   = {3},
  Pages                    = {247--259},
  Volume                   = {33},
  Doi                      = {10.1108/AA-12-2013-040},
  ISSN                     = {0144-5154}
}

@InProceedings{AKILLIOGLU2011,
  Title                    = {{Evolvable production systems and impacts on production planning}},
  Author                   = {AKILLIOGLU, H and ONORI, M.},
  Booktitle                = {{Assembly and Manufacturing (ISAM), 2011 IEEE International Symposium on}},
  Year                     = {2011},
  Pages                    = {1--6},

  Doi                      = {10.1109/ISAM.2011.5942328},
  ISBN                     = {Pending}
}

@Article{AKILLIOGLU2011c,
  Title                    = {{Production Planning}},
  Author                   = {Akillioglu, Hakan and Onori, Mauro},
  Year                     = {2011},

  ISSN                     = {9781612843438},
  Url                      = {file:///C:/Users/SICPE/Desktop/SIAPE_bib/SIAPE_GRUPOCONTROLE/SIAPE_CAL2/ieee/27_IEEE_05942328.pdf}
}

@InProceedings{ALGEDDAWY2012,
  Title                    = {{A Co-Evolution Model for Prediction and Synthesis of New Products and Manufacturing Systems}},
  Author                   = {AlGeddawy, Tarek and ElMaraghy, Hoda},
  Booktitle                = {{Journal of Mechanical Design}},
  Year                     = {2012},
  Number                   = {5},
  Pages                    = {51008},
  Publisher                = {American Society of Mechanical Engineers},
  Volume                   = {134},

  Doi                      = {10.1115/1.4006439},
  ISSN                     = {10500472}
}

@InProceedings{ALMEIDA2010,
  Title                    = {{Adoption Issues of Multi-agent Systems in Manufacturing Industry}},
  Author                   = {Almeida, F L and Terra, B M and Dias, P A and Gon and X00E and Alves, G M},
  Booktitle                = {{Computing in the Global Information Technology (ICCGI), 2010 Fifth International Multi-Conference on}},
  Year                     = {2010},
  Pages                    = {238?244},

  Doi                      = {10.1109/ICCGI.2010.48}
}

@InProceedings{AMIN2013,
  Title                    = {{In quest of benchmarking security risks to cyber-physical systems}},
  Author                   = {Amin, Saurabh and Schwartz, Galina and Hussain, Alefiya},
  Booktitle                = {{IEEE Network}},
  Year                     = {2013},
  Number                   = {1},
  Pages                    = {19-24},
  Volume                   = {27},

  Doi                      = {10.1109/MNET.2013.6423187},
  ISBN                     = {0890-8044}
}

@InProceedings{ANGERER2010c,
  Title                    = {{Self-Reconfiguration of Industrial Mobile Robots}},
  Author                   = {Angerer, S and Pooley, R and Aylett, R},
  Booktitle                = {{Self-Adaptive and Self-Organizing Systems (SASO), 2010 4th IEEE International Conference on}},
  Year                     = {2010},
  Pages                    = {64?73},

  Doi                      = {10.1109/SASO.2010.43}
}

@Article{ANSOLA2014,
  Title                    = {{Agent-Based Distributed Control for Improving Complex Resource Scheduling : Application to Airport Ground Handling Operations}},
  Author                   = {Ansola, Pablo GarcÌa and Higuera, AndrÈs GarcÌa and Otamendi, F Javier and Morenas, Javier De},
  Year                     = {2014},
  Pages                    = {1145?1157}
}

@InProceedings{ANTZOULATOS2014,
  Title                    = {{A multi-agent architecture for plug and produce on an industrial assembly platform}},
  Author                   = {Antzoulatos, Nikolas and Castro, Elkin and Scrimieri, Daniele and Ratchev, Svetan},
  Booktitle                = {{Production Engineering}},
  Year                     = {2014},
  Number                   = {6},
  Pages                    = {773?781},
  Volume                   = {8},

  Doi                      = {10.1007/s11740-014-0571-x},
  Url                      = {http://link.springer.com/10.1007/s11740-014-0571-x}
}

@InProceedings{APRIL2013,
  Title                    = {{001.Recommendations for implementing the strategic}},
  Author                   = {April, Working Group},
  Year                     = {2013},
  Number                   = {April}
}

@InProceedings{ARAI2000,
  Title                    = {Agile Assembly System by Plug and Produce},
  Author                   = {ARAI, T. and Aiyama, Y. and Maeda, Y. and Sugi, M. and Ota, J.},
  Booktitle                = {CIRP Annals - Manufacturing Technology},
  Year                     = {2000},
  Month                    = jan,
  Number                   = {1},
  Pages                    = {1--4},
  Volume                   = {49},

  Doi                      = {10.1016/S0007-8506(07)62883-2},
  ISSN                     = {00078506},
  Url                      = {http://www.sciencedirect.com/science/article/pii/S0007850607628832}
}

@Article{ARANTES2012,
  Title                    = {{O modelo da trÌplice hÈlice como fator de desenvolvimento de Santa Rita do SapucaÌ}},
  Author                   = {Arantes, AndrÈa Pinto and Serpa, CecÌlia Velasquez},
  Journal                  = {XXII Semin·rio Nacional de Parques TecnolÛgicos e Incubadoras de Empresas},
  Year                     = {2012},
  Pages                    = {1?21}
}

@InProceedings{ASSY2015,
  Title                    = {{Biodiversidade sem embargo}},
  Author                   = {Assy, JosÈ Roberto},
  Year                     = {2015}
}

@Article{ATKINS2003,
  Title                    = {Revolutionizing science and engineering through cyberinfrastructure},
  Author                   = {Atkins, Daniel},
  Year                     = {2003}
}

@InProceedings{ATZORI2010,
  Title                    = {{The Internet of Things: A survey}},
  Author                   = {Atzori, Luigi and Iera, Antonio and Morabito, Giacomo},
  Booktitle                = {{Computer Networks}},
  Year                     = {2010},
  Number                   = {15},
  Pages                    = {2787?2805},
  Publisher                = {Elsevier B.V.},
  Volume                   = {54},

  Doi                      = {10.1016/j.comnet.2010.05.010},
  ISBN                     = {1389-1286},
  ISSN                     = {13891286},
  Url                      = {http://dx.doi.org/10.1016/j.comnet.2010.05.010}
}

@Article{AUER1996,
  Title                    = {{Management System}},
  Author                   = {Auer, Antti and Karjalainen, Jukka},
  Year                     = {1996},
  Pages                    = {235?244},
  Volume                   = {42}
}

@Article{AVILA2008,
  Title                    = {{Uma Ferramenta de Apoio ‡ Normaliza?„o de Tabelas Relacionais Baseada na An·lise de Dados}},
  Author                   = {Avila, Michel Leite De and Mello, Santos},
  Journal                  = {IV Escola Regional de Banco de Dados (ERBD)},
  Year                     = {2008},
  Pages                    = {10}
}

@InProceedings{BACHRACH2014a,
  Title                    = {{Chisel 2 . 2 Tutorial Datatypes in Chisel}},
  Author                   = {Bachrach, Jonathan and Asanovi, Krste and Wawrzynek, John and Berkeley, U C},
  Year                     = {2014},
  Pages                    = {1?16}
}

@InProceedings{BACHRACH2012a,
  Title                    = {{Chisel Installation}},
  Author                   = {Bachrach, Jonathan and Berkeley, U C},
  Year                     = {2012},
  Pages                    = {1?2}
}

@InProceedings{BACHRACH2014b,
  Title                    = {{Getting Started with Chisel}},
  Author                   = {Bachrach, Jonathan and Lee, Vincent},
  Year                     = {2014}
}

@InProceedings{BACHRACH2015,
  Title                    = {{IntroduÁ„o ao Cinzel CapÌtulo 1 InstalaÁ„o Cinzel}},
  Author                   = {Bachrach, Jonathan and Lee, Vincent and Eecs, Departamento and Berkeley, U C},
  Year                     = {2015},
  Pages                    = {1?44}
}

@InProceedings{BACHRACH2015a,
  Title                    = {{Manual de Cinzel}},
  Author                   = {Bachrach, Jonathan and Vo, Huy and Asanovi, Krste and Eecs, Departamento and Berkeley, U C},
  Year                     = {2015},
  Pages                    = {1?27}
}

@InProceedings{BARATA2003,
  Title                    = {{Coalition Based Approach for Shop Floor Agility: A Multiagent Approach}},
  Author                   = {Barata, Jos? Antonio and Matos, Lu?s Camarinha},
  Booktitle                = {{Electrical Engineering,$\backslash$rspeciality of Robotics and Integrated Manufacturing ,$\backslash$rUniversidade Nova de Lisboa, Faculdade de CiÍncias e Tecnologia,}},
  Year                     = {2003},
  Pages                    = {329},
  Publisher                = {Universidade Nova de Lisboa},
  Volume                   = {Ph. D.}
}

@InProceedings{BARATA2006,
  Title                    = {{Evolvable Assembly and Exploiting Emergent Behaviour}},
  Author                   = {Barata, J and Onori, M},
  Booktitle                = {{Industrial Electronics, 2006 IEEE International Symposium on}},
  Year                     = {2006},
  Pages                    = {3353?3360},
  Volume                   = {4},

  Doi                      = {10.1109/ISIE.2006.296004},
  ISBN                     = {VO - 4}
}

@InProceedings{BARATA2007b,
  Title                    = {{Diagnosis using Service Oriented Architectures (SOA)}},
  Author                   = {Barata, J and Ribeiro, L and Colombo, A},
  Booktitle                = {{Industrial Informatics, 2007 5th IEEE International Conference on}},
  Year                     = {2007},
  Pages                    = {1203?1208},
  Volume                   = {2},

  Doi                      = {10.1109/INDIN.2007.4384902},
  ISBN                     = {1935-4576}
}

@Article{BARATA2007,
  Title                    = {{Diagnosis on Evolvable Assembly Systems}},
  Author                   = {Barata, J and Ribeiro, L and Onori, M},
  Journal                  = {IEEE Int. Symp. on Industrial Electronics (ISIE)},
  Year                     = {2007},
  Pages                    = {3221?3226},
  Volume                   = {00},

  ISBN                     = {1424407559}
}

@InProceedings{BARATA2007c,
  Title                    = {{Diagnosis on Evolvable Production Systems}},
  Author                   = {Barata, J and Ribeiro, L and Onori, M},
  Booktitle                = {{Industrial Electronics, 2007. ISIE 2007. IEEE International Symposium on}},
  Year                     = {2007},
  Pages                    = {3221?3226},

  Doi                      = {10.1109/ISIE.2007.4375131}
}

@Article{BARBALHO2013a,
  Title                    = {{Modelo de referÍncia para o processo de desenvolvimento de produtos mecatrÙnicos ( MRM ): validaÁ„o e resultados de uso}},
  Author                   = {Barbalho, Sanderson CÈsar MacÍdo and Rozenfeld, Henrique},
  Journal                  = {Gest„o e ProduÁ„o},
  Year                     = {2013},
  Number                   = {2000},
  Pages                    = {162?179},
  Volume                   = {20},

  Doi                      = {10.1590/S0104-530X2013000100012},
  ISBN                     = {2013000100012},
  ISSN                     = {0104530X}
}

@InProceedings{BARBOSA2013b,
  Title                    = {{Self-Organized Holonic Multi-agent Manufacturing System: The Behavioural Perspective}},
  Author                   = {Barbosa, J and Leitao, P and Adam, E and Trentesaux, D},
  Booktitle                = {{Systems, Man, and Cybernetics (SMC), 2013 IEEE International Conference on}},
  Year                     = {2013},
  Pages                    = {3829?3834},

  Doi                      = {10.1109/SMC.2013.654}
}

@InProceedings{BARBOSA2011,
  Title                    = {{Enhancing ADACOR with biology insights towards reconfigurable manufacturing systems}},
  Author                   = {Barbosa, J and Leitao, P and Trentesaux, D and Adam, E},
  Booktitle                = {{IECON 2011 - 37th Annual Conference on IEEE Industrial Electronics Society}},
  Year                     = {2011},
  Pages                    = {2746?2751},

  Doi                      = {10.1109/IECON.2011.6119746},
  ISBN                     = {1553-572X}
}

@InProceedings{BAUER2013,
  Title                    = {{Project Deliverable D1.2 ??? Final Architectural Reference Model for IoT}},
  Author                   = {Bauer, Martin and Boussard, Mathieu and Bui, Nicola and Carrez, Francois},
  Year                     = {2013},
  Number                   = {257521},
  Pages                    = {53?59},

  Url                      = {http://www.iot-a.eu/public/public-documents/d1.5/at\_download/file}
}

@Article{BEARZOTTI2012,
  Title                    = {{An autonomous multi-agent approach to supply chain event management}},
  Author                   = {Bearzotti, Lorena A and Salomone, Enrique and Chiotti, Omar J},
  Journal                  = {International Journal of Production Economics},
  Year                     = {2012},

  Month                    = jan,
  Number                   = {1},
  Pages                    = {468?478},
  Volume                   = {135},

  Doi                      = {10.1016/j.ijpe.2011.08.023},
  ISSN                     = {0925-5273},
  Url                      = {http://www.sciencedirect.com/science/article/pii/S092552731100377X}
}

@Article{BEAUVAIS2001,
  Title                    = {{Modeling statecharts and activitycharts as signal equations}},
  Author                   = {Beauvais, J.-R. and Rutten, E. and Gautier, T. and Houdebine, R. and {Le Guernic}, P. and Tang, Y.-M.},
  Journal                  = {ACM Transactions on Software Engineering and Methodology},
  Year                     = {2001},
  Number                   = {4},
  Pages                    = {397?451},
  Volume                   = {10},

  Doi                      = {10.1145/384189.384191},
  ISSN                     = {1049331X}
}

@Article{BERTHOLD2002,
  Title                    = {{model ??? analyser}},
  Author                   = {Berthold, Paul and Berthold, Paul},
  Year                     = {2002}
}

@InProceedings{BITKOM2015,
  Title                    = {{Whitepaper FuE-Themen}},
  Author                   = {BITKOM, VDMA \& ZVEI},
  Year                     = {2015},
  Number                   = {April},
  Volume                   = {p. 59},

  Url                      = {http://www.plattform-i40.de/blog/industrie-40-whitepaper-fue-themen-stand-7-april-2015}
}

@InProceedings{BJELKEMYR2010,
  Title                    = {{Handling complexity in Evolvable Production Systems}},
  Author                   = {Bjelkemyr, M and Maffei, A},
  Booktitle                = {{Industrial Electronics (ISIE), 2010 IEEE International Symposium on}},
  Year                     = {2010},
  Pages                    = {2664?2668},

  Doi                      = {10.1109/ISIE.2010.5637794}
}

@Article{BLANES2009,
  Title                    = {{Requirements Engineering in the Development of Multi-agent Systems: A Systematic Review}},
  Author                   = {Blanes, David and Insfran, Emilio and Abrah„o, Silvia},
  Journal                  = {Proceedings of the 10th International Conference on Intelligent Data Engineering and Automated Learning},
  Year                     = {2009},
  Pages                    = {510?517},

  Url                      = {http://dl.acm.org/citation.cfm?id=1789574.1789640}
}

@InProceedings{BOARD2013a,
  Title                    = {{Cyber-Physical Systems - History , Presence and Future}},
  Author                   = {BOARD, INDUSTRIAL ADVISORY},
  Year                     = {2013}
}

@Article{BOGDANOVYCH2007,
  Title                    = {{A Methodology for 3D Electronic Institutions}},
  Author                   = {Bogdanovych, a and Esteva, M and Simoff, S and Sierra, C and Berger, H},
  Journal                  = {Training},
  Year                     = {2007},
  Pages                    = {346?348},
  Volume                   = {5},

  Doi                      = {10.1145/1329125.1329193},
  ISBN                     = {9788190426275}
}

@Article{BORGES2013,
  Title                    = {{Ontologies supporting the distributed software development: a systematic mapping study}},
  Author                   = {Borges, Alex and Soares, SÈrgio and Meira, Silvio and Tomaz, Hil·rio and Rocha, Rodrigo and Costa, Catarina},
  Year                     = {2013},
  Pages                    = {153--164},

  Doi                      = {10.1145/2460999.2461022},
  ISBN                     = {978-1-4503-1848-8},
  Url                      = {http://doi.acm.org/10.1145/2460999.2461022}
}

@Article{BOTTI2008,
  Title                    = {{Holonic Manufacturing Systems}},
  Author                   = {Botti, Vicente and {Adriana Giret} and Giret, Adriana and {Adriana Giret}},
  Journal                  = {ANEMONA. A multi-agent methodology for Holonic Manufacturing},
  Year                     = {2008},
  Pages                    = {2000--2002},

  Doi                      = {10.1007/978-1-84800-310-1},
  ISBN                     = {978-1-84800-310-1}
}

@InProceedings{BOURGAIN2014,
  Title                    = {{Journal of Machine Engineering, Vol. 14, No. 3, 2014}},
  Author                   = {Bourgain, Frederic and Claeyssen, Frank},
  Year                     = {2014},
  Number                   = {3},
  Volume                   = {14}
}

@Article{BRESCIANI2004,
  Title                    = {{Tropos: An Agent-Oriented Software Development Methodology}},
  Author                   = {BRESCIANI\_etal and Bresciani, Paolo and Bresciani, Paolo and Perini, Anna and Perini, Anna and Giorgini, Paolo and Giorgini, Paolo and Giunchiglia, Fausto and Giunchiglia, Fausto and Mylopoulos, John and Mylopoulos, John and BRESCIANI\_etal},
  Journal                  = {Autonomous Agents and Multi-Agent Systems},
  Year                     = {2004},
  Pages                    = {203--236},
  Volume                   = {8},

  Doi                      = {10.1023/B:AGNT.0000018806.20944.ef},
  File                     = {:G$\backslash$:/000\_MeDSE\_2015/0000\_MeDSE\_QualificaÁ„o/00000\_MeDSE\_Mendeley\_2015/006\_Metodologias/Metodologias\_Estado da Arte/2004\_Bresciani\_TROPOS.pdf:pdf},
  ISBN                     = {1387-2532},
  ISSN                     = {1387-2532},
  Url                      = {http://www.springerlink.com/openurl.asp?id=doi:10.1023/B:AGNT.0000018806.20944.ef}
}

@InProceedings{BRITO1994,
  Title                    = {{Object-Oriented Software Engineering : Measuring and Controlling the Development Process}},
  Author                   = {Brito, Fernando and Iseg, Inesc and CarapuÁa, RogÈrio and Ist, Inesc},
  Year                     = {1994},
  Number                   = {October},
  Pages                    = {3--5}
}

@Article{BUCHANAN2006,
  Title                    = {{A (Very) Brief History of Artificial Intelligence}},
  Author                   = {Buchanan, Bruce G},
  Journal                  = {AI Magazine},
  Year                     = {2006},
  Number                   = {4},
  Pages                    = {53--60},
  Volume                   = {26},

  ISSN                     = {07384602}
}

@InProceedings{BUI2013,
  Title                    = {{Internet-of-Things Architecture IoT-A Deliverable D1.3 ??? Updated reference model for IoT v1.5}},
  Author                   = {Bui, Nicola and Jardak, Christine and Magerkurth, Carsten},
  Year                     = {2013},
  Number                   = {257521},
  Pages                    = {1--256}
}

@Article{BURMEISTER1996,
  Title                    = {{Models and methodology for agent-oriented analysis and design}},
  Author                   = {Burmeister, B.},
  Journal                  = {Working Notes of the KI},
  Year                     = {1996},
  Number                   = {i},
  Pages                    = {96--06},
  Volume                   = {96},

  Doi                      = {10.1145/301136.301165},
  ISBN                     = {158113066X}
}

@Article{CAFFYN1997,
  Title                    = {{Extending continuous improvement to the new product development process}},
  Author                   = {Caffyn, S},
  Journal                  = {R \& D Management},
  Year                     = {1997},
  Pages                    = {253--267},
  Volume                   = {27},

  Doi                      = {10.1111/1467-9310.00061},
  ISBN                     = {1467-9310},
  ISSN                     = {0033-6807}
}

@Article{CAIRE2001,
  Title                    = {{Technical Information MESSAGE : Methodology for Engineering Systems of Software Agents}},
  Author                   = {CAIRE},
  Year                     = {2001}
}

@InProceedings{CAMERON2013,
  Title                    = {{Distributed Triggered Control of Networked Cyber-Physical Systems by}},
  Author                   = {{CAMERON NOWZARI}},
  Year                     = {2013},
  Pages                    = {175}
}

@Article{CAMPOS2009,
  Title                    = {{Development in the application of ICT in condition monitoring and maintenance}},
  Author                   = {CAMPOS, JAIME},
  Journal                  = {Computers in Industry},
  Year                     = {2009},

  Month                    = jan,
  Number                   = {1},
  Pages                    = {1--20},
  Volume                   = {60},

  Doi                      = {10.1016/j.compind.2008.09.007},
  ISSN                     = {0166-3615},
  Keywords                 = {Agent technology; Condition monitoring; Maintenance; Manufacturing; Web technology},
  Url                      = {http://www.sciencedirect.com/science/article/pii/S0166361508000997}
}

@InProceedings{CANDIDO2010,
  Title                    = {{Service-oriented Architecture at device level to support Evolvable Production Systems}},
  Author                   = {CANDIDO, G and Barata, J and Colombo, A W and Jammes, F},
  Booktitle                = {{Industrial Electronics (ISIE), 2010 IEEE International Symposium on}},
  Year                     = {2010},
  Pages                    = {2669?2674},

  Doi                      = {10.1109/ISIE.2010.5637527},
  ISBN                     = {VO -}
}

@Article{CANDIDO2011,
  Title                    = {{Service-Oriented Infrastructure to Support the Deployment of Evolvable Production Systems}},
  Author                   = {CANDIDO, G G and Colombo, A W and Barata, J and Jammes, F},
  Journal                  = {Industrial Informatics, IEEE Transactions on},
  Year                     = {2011},
  Number                   = {4},
  Pages                    = {759--767},
  Volume                   = {7},

  Doi                      = {10.1109/TII.2011.2166779},
  ISBN                     = {1551-3203}
}

@InProceedings{CANEDO2013,
  Title                    = {{Context-sensitive synthesis of executable functional models of cyber-physical systems}},
  Author                   = {CANEDO, Arquimedes and Schwarzenbach, Eric and {Ai Faruque}, Mohammad Abdullah},
  Booktitle                = {{2013 ACM/IEEE International Conference on Cyber-Physical Systems, ICCPS 2013}},
  Year                     = {2013},
  Pages                    = {99--108},

  Doi                      = {10.1109/ICCPS.2013.6604004},
  ISBN                     = {9781450319966}
}

@Article{CAPES-V1-2011,
  Title                    = {{Programa Nacional PÛs-GraduaÁ„o ( Pnpg ) 2010-2020}},
  Author                   = {{CAPES - Volume I}},
  Year                     = {2011},
  Pages                    = {309},
  Volume                   = {I},

  ISBN                     = {9788588468153}
}

@Article{CAPTAIN2012,
  Title                    = {{Decentralized multi?robot cooperation with auctioned POMDPs}},
  Author                   = {CAPITAN, JESUS and {Matthijs T.J. Spaan} and {L. A. O. Matthijs T.J. Spaan}, LuisCANDIDO Anibal Ollero.},
  Journal                  = {Proceedings ? IEEE International Conference on Robotics and Automation},
  Year                     = {2012},
  Pages                    = {3323--3328}
}

@Article{CARIDI2000,
  Title                    = {{Multi-agent systems in production planning and control: An application to the scheduling of mixed-model assembly lines}},
  Author                   = {CARIDI, M and SIANESI, A},
  Journal                  = {Int. J. Prod. Econ.},
  Year                     = {2000},
  Number                   = {1},
  Pages                    = {29--42},
  Volume                   = {68},

  ISSN                     = {0925-5273}
}

@Article{CASTRO2001,
  Title                    = {{Projeto de Pesquisa de uma Revis„o Sistem·tica}},
  Author                   = {CASTRO, ALDEMAR ARAUJO},
  Year                     = {2001},
  Pages                    = {1--37}
}

@Article{CAVALCANTE2012a,
  Title                    = {{WHEN AGENTS MEET MANUFACTURING: PARADIGMS AND IMPLEMENTATIONS}},
  Author                   = {CAVALCANTE, ANDR?? and Peixoto, Joao and Pereira, Carlos},
  Journal                  = {cricte2004.eletrica.ufpr.br},
  Year                     = {2012},

  Url                      = {http://www.cricte2004.eletrica.ufpr.br/anais/cba/2012/Artigos/98902.pdf}
}

@Article{CAVALCANTE2012,
  Title                    = {{Arquitetura Baseada Em Agentes E Auto-Organiz·vel Para a Manufatura Arquitetura Baseada Em Agentes E Auto-Organiz·vel Para a Manufatura}},
  Author                   = {CAVALCANTE, ANDR?? Luiz Duarte},
  Year                     = {2012}
}

@InProceedings{CAVIN2013,
  Title                    = {{Dynamic skill allocation methodology for evolvable assembly systems}},
  Author                   = {CAVIN, S and Ferreira, P and Lohse, N},
  Booktitle                = {{Industrial Informatics (INDIN), 2013 11th IEEE International Conference on}},
  Year                     = {2013},
  Pages                    = {218--223},

  Doi                      = {10.1109/INDIN.2013.6622885}
}

@Article{CEANU2006,
  Title                    = {{Development and applications of holonic manufacturing systems : a survey}},
  Author                   = {CEANU, Radu F Babi and CHEN, F Frank},
  Year                     = {2006},
  Pages                    = {111--131}
}

@Article{CERNUZZI2005,
  Title                    = {{Process models for agent-based development}},
  Author                   = {CERNUZZI, Luca and Cossentino, Massimo and Zambonelli, Franco},
  Journal                  = {Engineering Applications of Artificial Intelligence},
  Year                     = {2005},

  Month                    = mar,
  Number                   = {2},
  Pages                    = {205--222},
  Volume                   = {18},

  Doi                      = {10.1016/j.engappai.2004.11.015},
  ISSN                     = {0952-1976},
  Keywords                 = {Agent software development; Agent-based computing; Methodologies; Process models; Software engineering},
  Url                      = {http://www.sciencedirect.com/science/article/pii/S0952197604001897}
}

@Book{CGEE2013a,
  Title                    = {{Plano de CiÍncia , Tecnologia e InovaÁ„o para o Desenvolvimento da AmazÙnia Legal}},
  Author                   = {CGEE},
  Year                     = {2013},

  ISBN                     = {9788560755608},
  Pages                    = {88}
}

@Article{CHABROL2006,
  Title                    = {{Urban traffic systems modelling methodology}},
  Author                   = {CHABROL, Michelle and Sarramia, David and Tchernev, Nikolay},
  Journal                  = {International Journal of Production Economics},
  Year                     = {2006},

  Month                    = jan,
  Pages                    = {156?176},
  Volume                   = {99},

  Doi                      = {10.1016/j.ijpe.2004.12.018},
  ISSN                     = {0925-5273},
  Url                      = {http://www.sciencedirect.com/science/article/pii/S0925527304004591}
}

@InCollection{GAMOURA2006,
  Title                    = {{- Multi criteria decision making for supply chain partners: A multi agent simulation approach}},
  Author                   = {{CHEHBI GAMOURA}, Samia and Ouzrout, Yacine and Bouras, Abdelaziz},
  Booktitle                = {{IFAC Proceedings Volumes}},
  Publisher                = {Elsevier Science Ltd},
  Year                     = {2006},

  Address                  = {Oxford},
  Editor                   = {Pereira, Alexandre DolguiGÈrard MorelCarlos E B T - Information Control Problems in Manufacturing 2006},
  Pages                    = {431?436},

  Doi                      = {10.1016/B978-008044654-7/50205-3},
  ISBN                     = {978-0-08-044654-7},
  Url                      = {http://www.sciencedirect.com/science/article/pii/B9780080446547502053}
}

@Article{CHEN2013b,
  Title                    = {{Resource virtualization methodology for on-demand allocation in cloud computing systems}},
  Author                   = {CHEN, XiaoJun J. and Zhang, Jing and Li, Junhuai and Li, Xiang},
  Journal                  = {Service Oriented Computing and Applications},
  Year                     = {2013},
  Pages                    = {77?100},
  Volume                   = {7},

  Doi                      = {10.1007/s11761-011-0092-9},
  ISBN                     = {1863-2386},
  ISSN                     = {18632386}
}

@InProceedings{CHEN2014,
  Title                    = {{Time-Reversal Wireless Paradigm for Green Internet of Things: An Overview}},
  Author                   = {CHEN, Yan and Han, Feng and Yang, Yu-Han and Ma, Hang and Han, Yi and Jiang, Chunxiao and Lai, Hung-Quoc and Claffey, David and Safar, Zoltan and Liu, K.J.},
  Booktitle                = {{IEEE Internet of Things Journal}},
  Year                     = {2014},
  Number                   = {1},
  Pages                    = {1?1},
  Volume                   = {1},

  ISSN                     = {2327-4662},
  Shorttitle               = {Internet of Things Journal, IEEE},
  Url                      = {http://ieeexplore.ieee.org/lpdocs/epic03/wrapper.htm?arnumber=6750095}
}

@Article{CHEN2007,
  Title                    = {{Framework of agent-based intelligence system with two-stage decision-making process for distributed dynamic scheduling}},
  Author                   = {CHEN, Yee-Ming and Wang, Shih-Chang},
  Journal                  = {Applied Soft Computing},
  Year                     = {2007},

  Month                    = jan,
  Pages                    = {229--245},
  Volume                   = {7},

  Doi                      = {10.1016/j.asoc.2005.04.003},
  ISSN                     = {1568-4946},
  Url                      = {http://www.sciencedirect.com/science/article/pii/S1568494605000414}
}

@Article{CHEUNG1996,
  Title                    = {{Context constraints for compositional reachability analysis}},
  Author                   = {CHEUNG, Shing Chi and Kramer, Jeff},
  Journal                  = {ACM Transactions on Software Engineering and Methodology},
  Year                     = {1996},
  Pages                    = {334--377},
  Volume                   = {5},

  Doi                      = {10.1145/235321.235323}
}

@Article{CHIN2015,
  Title                    = {{Latency of Collaborative Target Detection for Surveillance Sensor Networks}},
  Author                   = {CHIN, Tai-lin and Chuang, Wan-chen},
  Year                     = {2015},
  Number                   = {2},
  Pages                    = {467--477},
  Volume                   = {26}
}

@Article{CHRISTENSEN1994,
  Title                    = {{Holonic Manufacturing ystem: Initial architecture and standards directions - Presented at First European Conference on Holonic Manufacturing Systems, Hannover, Germany, 1 December 1994.}},
  Author                   = {CHRISTENSEN},
  Year                     = {1994},
  Pages                    = {1?20}
}

@Article{CHRISTENSEN2012,
  Title                    = {{The IEC 61499 Function Block Standard: Overview of the Second Edition}},
  Author                   = {CHRISTENSEN, J and Strasser, T},
  Journal                  = {ISA Automation ?},
  Year                     = {2012},

  Url                      = {http://www.holobloc.com/papers/iec61499/61499\_ED2\_OVW.pdf}
}

@Article{CHRISTENSEN2003,
  Title                    = {{HMS / FB Architecture and its Implementation}},
  Author                   = {CHRISTENSEN, James H},
  Journal                  = {Agent-based manufacturing: advances in holonic approach},
  Year                     = {2003},
  Pages                    = {53?83},

  ISBN                     = {3540440690}
}

@Article{CHRISTENSEN2002,
  Title                    = {{METHODOLOGIES AND SOFTWARE TOOLS}},
  Author                   = {CHRISTENSEN, James H},
  Year                     = {2002},
  Volume                   = {65}
}

@InProceedings{CHRISTO2007,
  Title                    = {{Plug-and-Play Autonomous Mobile Robot}},
  Author                   = {CHRISTO, Camilo and Cardeira, Carlos},
  Year                     = {2007},
  Pages                    = {3215?3220},

  ISBN                     = {1424407559}
}

@Article{CHU2012,
  Title                    = {{Real-time scheduling of batch processes via agent-based modeling}},
  Author                   = {CHU, Yunfei and Wassick, John M. and You, Fengqi},
  Journal                  = {2012 IEEE 51st IEEE Conference on Decision and Control (CDC)},
  Year                     = {2012},
  Pages                    = {6370?6375},

  Doi                      = {10.1109/CDC.2012.6426714},
  ISBN                     = {978-1-4673-2066-5},
  ISSN                     = {01912216},
  Url                      = {http://ieeexplore.ieee.org/lpdocs/epic03/wrapper.htm?arnumber=6426714}
}

@Article{CIAPESSONI1999,
  Title                    = {{From formal models to formally based methods: an industrial experience}},
  Author                   = {Ciapessoni, Emanuele and Mirandola, Piergiorgio and Coen-Porisini, Alberto and Mandrioli, Dino and Morzenti, Angelo},
  Journal                  = {ACM Transactions on Software Engineering and Methodology},
  Year                     = {1999},
  Number                   = {1},
  Pages                    = {79?113},
  Volume                   = {8},

  Doi                      = {10.1145/295558.295566},
  ISSN                     = {1049331X}
}

@Article{CODD1983,
  Title                    = {{A relational model of data for large shared data banks}},
  Author                   = {CODD, E. F.},
  Journal                  = {Commun. ACM},
  Year                     = {1983},
  Number                   = {6},
  Pages                    = {64?69},
  Volume                   = {26},

  Doi                      = {10.1145/357980.358007},
  ISBN                     = {3623843626},
  ISSN                     = {0001-0782},
  Pmid                     = {9617087},
  Url                      = {http://dx.doi.org/10.1145/357980.358007}
}

@Article{CODD1970,
  Title                    = {{A Relational Model for Large Shared Data Banks}},
  Author                   = {CODD, E F},
  Journal                  = {Communications of the ACM},
  Year                     = {1970},
  Pages                    = {377?387}
}

@Article{COLOMBO2004,
  Title                    = {{A collaborative automation approach to distributed production systems}},
  Author                   = {COLOMBO, W. and Schoop, R. and Leitao, P. and Restivo, F.},
  Journal                  = {2nd IEEE International Conference on Industrial Informatics, 2004. INDIN '04. 2004},
  Year                     = {2004},

  Doi                      = {10.1109/INDIN.2004.1417297},
  ISBN                     = {0-7803-8513-6}
}

@InProceedings{CNI2013,
  Title                    = {{Mapa EstratÈgico 2013?2022}},
  Author                   = {{CONFEDERAC\~{A}O NACIONAL DA IND\'{U}STRIA -- CNI}},
  Year                     = {2013},

  ISBN                     = {9788579570957}
}

@InProceedings{CNI2013resumo,
  Title                    = {{Mapa EstratÈgico Resumido (2013 -- 2022)}},
  Author                   = {{CONFEDERAC\~{A}O NACIONAL DA IND\'{U}STRIA-- CNI}},
  Year                     = {2013},

  ISBN                     = {9788579570889}
}

@InProceedings{CORDIS19941994,
  Title                    = {{First European Conference on Holonic Manufacturing Holonic Manufacturing Systems The Vision Matching the Problem}},
  Author                   = {CORDIS1994},
  Year                     = {1994}
}

@InProceedings{COSTA2013,
  Title                    = {{Strategic Map o f Ind u st ry}},
  Author                   = {COSTA, Rodrigo},
  Year                     = {2013},

  ISBN                     = {9788579570889}
}

@Article{COSTAGLIOLA2004,
  Title                    = {{A framework for modeling and implementing visual notations with applications to software engineering}},
  Author                   = {COSTAGLIOLA, Gennaro and Deufemia, Vincenzo and Polese, Giuseppe},
  Journal                  = {ACM Transactions on Software Engineering and Methodology},
  Year                     = {2004},
  Number                   = {4},
  Pages                    = {431?487},
  Volume                   = {13},

  Doi                      = {10.1145/1040291.1040293},
  ISSN                     = {1049331X}
}

@Article{CYSNEIROS2004,
  Title                    = {{Evaluating Methodologies: A Requirements Engineering Approach Through the Use of an Exemplar}},
  Author                   = {CYSNEIROS, Luiz Marcio and Werneck, Vera and Yu, Eric},
  Journal                  = {7th Workshop on Requirements Engineering},
  Year                     = {2004},
  Number                   = {2},
  Pages                    = {40?55},
  Volume                   = {5}
}

@Misc{DAI2011,
  Title                    = {{IEC 61499 ontology model for semantic analysis and code generation}},

  Author                   = {DAI, Wenbin and Dubinin, V and Vyatkin, V},
  Year                     = {2011},

  Booktitle                = {{Industrial Informatics (INDIN), 2011 9th IEEE International Conference on}},
  Doi                      = {10.1109/INDIN.2011.6034946},
  Pages                    = {597?602}
}

@Article{DAI2013,
  Title                    = {{Essential elements for programming of distributed automation and control systems}},
  Author                   = {DAI, Wenbin William and Vyatkin, Valeriy and Christensen, James H.},
  Journal                  = {IEEE International Conference on Emerging Technologies and Factory Automation, ETFA},
  Year                     = {2013},

  Doi                      = {10.1109/ETFA.2013.6647942},
  ISSN                     = {19460740}
}

@Article{DAVIS1987,
  Title                    = {{Future perfect}},
  Author                   = {DAVIS, STANLEY M Stanley M. Davis Addison-Wesley Reading Mass},
  Year                     = {1987},

  Owner                    = {Hiram Amaral},
  Timestamp                = {2015.05.17}
}

@Article{DELOACH2001,
  Title                    = {{Scott a. deloach, mark f. wood and clint h. sparkman}},
  Author                   = {DELOACH, Scott a and Deloach, Scott a and Sparkman, Mark F Woodclint H and Sparkman, Mark F Woodclint H and Engineering, Multiagent Systems and Engineering},
  Journal                  = {International Journal of Software Engineering and Knowledge Engineering},
  Year                     = {2001},
  Number                   = {3},
  Pages                    = {231--258},
  Volume                   = {11}
}

@Article{DELOACH2001a,
  Title                    = {{Analysis and Design using MaSE and agentTool}},
  Author                   = {DELOACH, Sa and DELOACH},
  Journal                  = {In Proceedings of 12 Midwest Artificial Intelligence and Cognitive Science Conference (MAICS 2001), Miami University, Oxford, Ohio},
  Year                     = {2001},
  Number                   = {Maics},
  Pages                    = {1?7},

  Url                      = {http://oai.dtic.mil/oai/oai?verb=getRecord\&amp; metadataPrefix=html\&amp; identifier=ADA448191}
}

@Article{DI2013adapter,
  Title                    = {{Adapter module for self-learning production systems}},
  Author                   = {{DI Orio}, Giovanni},
  Year                     = {2013},

  Publisher                = {Faculdade de Ci\{Í\}ncias e Tecnologia}
}

@InProceedings{DIASFERREIRA2013i,
  Title                    = {{Bio-inspired self-organised mechatronic-agent interactions to support product emergence}},
  Author                   = {{DIAS FERREIRA}, J and Ribeiro, L and Onori, M and Barata, J},
  Booktitle                = {{Industrial Electronics Society, IECON 2013 - 39th Annual Conference of the IEEE}},
  Year                     = {2013},
  Pages                    = {7434?7439},

  Doi                      = {10.1109/IECON.2013.6700370},
  ISBN                     = {1553-572X}
}

@InProceedings{DIASFERREIRA2013p,
  Title                    = {{Bio-inspired Self-Organising Methodologies for Production Emergence}},
  Author                   = {{DIAS FERREIRA}, J and Ribeiro, L and Onori, M and Barata, J},
  Year                     = {2013},
  Pages                    = {3835?3841},

  Doi                      = {10.1109/SMC.2013.655}
}

@Article{DOGMUS2013,
  Title                    = {{R E A CT ! An Interactive Tool for Integrating High-Level Reasoning in Robotics}},
  Author                   = {DOGMUS, Zeynep and Patoglu, Volkan and Erdem, Esra},
  Year                     = {2013},
  Pages                    = {15?24}
}

@Article{DRATH2014,
  Title                    = {{Industrie 4.0: Hit or hype? [Industry Forum]}},
  Author                   = {DRATH, RAINER and HORCH, ALEXNDER},
  Year                     = {2014},
  Number                   = {June},
  Pages                    = {56?58},
  Volume                   = {8},

  Booktitle                = {{IEEE Industrial Electronics Magazine}},
  Doi                      = {10.1109/MIE.2014.2312079},
  File                     = {:C$\backslash$:/Users/Hiram Amaral3/AppData/Local/Mendeley Ltd./Mendeley Desktop/Downloaded/Drath, Horch - 2014 - Industrie 4.0 Hit or hype Industry Forum.pdf:pdf},
  ISSN                     = {19324529}
}

@InProceedings{DUAN2014,
  Title                    = {{An Energy-aware Trust Derivation Scheme with Game Theoretic Approach in Wireless Sensor Networks for IoT Applications}},
  Author                   = {DUAN, Junqi and Gao, Deyun and Yang, Dong and Foh, Chuan and Chen, Hsiao-Hwa},
  Booktitle                = {{IEEE Internet of Things Journal}},
  Year                     = {2014},
  Number                   = {1},
  Pages                    = {1?1},
  Volume                   = {1},

  ISSN                     = {2327-4662},
  Keywords                 = {Computational modeling; Electronic mail; Energy awareness; Energy consumption; Games; Internet; Internet of Things (IoT); Wireless sensor networks; game theory; security; trust evaluation; wireless sensor network (WSN)},
  Shorttitle               = {Internet of Things Journal, IEEE},
  Url                      = {http://ieeexplore.ieee.org/lpdocs/epic03/wrapper.htm?arnumber=6779650}
}

@Article{DUBEY2011,
  Title                    = {{Evaluating software engineering methods in the context of automation applications}},
  Author                   = {DUBEY, Alpana},
  Journal                  = {IEEE International Conference on Industrial Informatics (INDIN)},
  Year                     = {2011},
  Pages                    = {585?590},

  Doi                      = {10.1109/INDIN.2011.6034944},
  ISBN                     = {9781457704345},
  ISSN                     = {19354576},
  Keywords                 = {application engineering; automation application; control application; lifecycle; software engineering}
}

@Article{EBNENASIR2011,
  Title                    = {{Feasibility of Stepwise Design of Multitolerant Programs}},
  Author                   = {EBNENASIR, Ali and Kulkarni, Sandeep S.},
  Journal                  = {ACM Transactions on Software Engineering and Methodology},
  Year                     = {2011},
  Number                   = {1},
  Pages                    = {1?49},
  Volume                   = {21},

  Doi                      = {10.1145/2063239.2063240},
  ISSN                     = {1049331X}
}

@InProceedings{EIDSON2011,
  Title                    = {{Distributed Real-Time Software for Cyber-Physical Systems}},
  Author                   = {EIDSON, John C and Fellow, Life and Lee, Edward A and Matic, Slobodan and Seshia, Sanjit A and Zou, Jia and Member, Student},
  Year                     = {2011},
  Pages                    = {1?13},
  Volume                   = {XXX}
}

@InProceedings{EKER2003,
  Title                    = {{Taming Heterogeneity ??? The Ptolemy Approach}},
  Author                   = {EKER, Johan and Janneck, Jˆrn W and Lee, Edward A and Liu, J I E and Liu, Xiaojun and Ludvig, Jozsef and Neuendorffer, Stephen and Sachs, Sonia and Xiong, Yuhong},
  Year                     = {2003},
  Number                   = {1},
  Volume                   = {91},

  Keywords                 = {component-based design; embedded; heterogeneous modeling; models of computation}
}

@Article{ELBANNAN2011,
  Title                    = {{Accounting and stock market effects of international accounting standards adoption in an emerging economy}},
  Author                   = {ELBANNAN, Mohamed a.},
  Journal                  = {Review of Quantitative Finance and Accounting},
  Year                     = {2011},
  Pages                    = {207?245},
  Volume                   = {36},

  Doi                      = {10.1007/s11156-010-0176-1},
  ISBN                     = {0924865X},
  ISSN                     = {0924865X},
  Pmid                     = {848581856}
}

@InProceedings{ELMARAGHY2006,
  Title                    = {{Flexible and reconfigurable manufacturing systems paradigms}},
  Author                   = {{ELMARAGHY}, Hoda a.},
  Booktitle                = {{Flexible Services and Manufacturing Journal}},
  Year                     = {2006},
  Pages                    = {261?276},
  Volume                   = {17},

  Doi                      = {10.1007/s10696-006-9028-7},
  ISBN                     = {1069600690287},
  ISSN                     = {19366590},
  Keywords                 = {Changeability; Flexibility; Manufacturing systems; Reconfiguration}
}

@InProceedings{ELMARAGHY1982,
  Title                    = {{Simulation and graphical animation of advanced manufacturing systems}},
  Author                   = {ELMARAGHY, HODA A.},
  Booktitle                = {{Journal of Manufacturing Systems}},
  Year                     = {1982},
  Month                    = {jan},
  Number                   = {1},
  Pages                    = {53?63},
  Volume                   = {1},

  ISSN                     = {02786125},
  Url                      = {http://www.sciencedirect.com/science/article/pii/S0278612582800678}
}

@InProceedings{EMBRAPI2014,
  Title                    = {{Workshop Unidade EMBRAPII-IPT Tecnologias de materiais e oportunidades para inovaÁ„o tecnolÛgica Ligas Met·licas e Materiais Resistentes ao Desgaste M·rio Boccalini Jr .}},
  Author                   = {EMBRAPII, Workshop Unidade},
  Year                     = {2014},

  File                     = {:G$\backslash$:/000\_MeDSE\_2015/MeDSE\_Embrapii/1164-Apresentacoes\_tecnicas.pdf:pdf}
}

@InProceedings{ESS2015a,
  Title                    = {{Sobre Cinzel ComeÁando Usu·rios de sondagem}},
  Author                   = {ESS, Explorar and Socorro, Blog and Mesclar, Wiki},
  Year                     = {2015},
  Pages                    = {3?5},

  File                     = {:G$\backslash$:/000\_MeDSE\_2015/0000\_MeDSE\_QualificaÁ„o/00000\_MeDSE\_Mendeley\_2015/MeDSE REFERENCIAS/Cinzel/UCB-bar \_ cinzel.pdf:pdf}
}

@Article{H2020,
  Title                    = {{HORIZON 2020 WORK PROGRAMME 2014 ? 2015 Leadership in enabling and industrial technologies Information and Communication Technologies Revised Consolidated version following ( European Commission Decision C ( 2015 ) 2453 of 17 April 2015 )}},
  Author                   = {{EUROPEAN COMMISSION}},
  Year                     = {2015},
  Number                   = {April},
  Volume                   = {2015}
}

@InProceedings{EC2010,
  Title                    = {{EU - A Strategy for smart, sustainable and inclusive growth 2010-2020}},
  Author                   = {{EUROPEAN COMMISSION}},
  Booktitle                = {{COMMUNICATION FROM THE COMMISISON -EU}},
  Year                     = {2010}
}

@Article{FENG2014,
  Title                    = {{A multi-agent based intelligent configuration method for aircraft fleet maintenance personnel}},
  Author                   = {FENG, Qiang and Li, Songjie and Sun, Bo},
  Journal                  = {Chinese Journal of Aeronautics},
  Year                     = {2014},

  Month                    = apr,
  Pages                    = {280?290},

  Doi                      = {10.1016/j.cja.2014.02.016},
  ISSN                     = {1000-9361}
}

@InProceedings{FERGUSON1992,
  Title                    = {{TouringMachines : An Architecture for Dynamic , Rational , Mobile Agents}},
  Author                   = {FERGUSON, Innes Andrew and Hall, Clare},
  Year                     = {1992},
  Number                   = {October}
}

@InProceedings{FERREIRA2014,
  Title                    = {{Symbiotic assembly systems - A new paradigm}},
  Author                   = {FERREIRA, Pedro and Doltsinis, Stefanos and Lohse, Niels},
  Booktitle                = {{Procedia CIRP}},
  Year                     = {2014},
  Pages                    = {26?31},
  Volume                   = {17},

  Doi                      = {10.1016/j.procir.2014.01.066}
}

@InProceedings{FERREIRA2012m,
  Title                    = {{Skill based configuration methodology for evolvable mechatronic systems}},
  Author                   = {FERREIRA, P and Lohse, N and Razgon, M and Larizza, P and Triggiani, G},
  Booktitle                = {{IECON 2012 - 38th Annual Conference on IEEE Industrial Electronics Society}},
  Year                     = {2012},
  Pages                    = {4366?4371},

  Doi                      = {10.1109/IECON.2012.6389186},
  ISBN                     = {1553-572X}
}

@Article{FETHI2010,
  Title                    = {{Assessing bank efficiency and performance with operational research and artificial intelligence techniques: A survey}},
  Author                   = {FETHI, Meryem Duygun and Pasiouras, Fotios},
  Journal                  = {European Journal of Operational Research},
  Year                     = {2010},
  Pages                    = {189?198},

  Doi                      = {10.1016/j.ejor.2009.08.003}
}

@InProceedings{FIEDLER2013,
  Title                    = {{Internet of Things - Architecture Validation report}},
  Author                   = {FIEDLER, Martin and Sperner, Klaus and Level, Dissemination},
  Year                     = {2013},
  Number                   = {257521},
  Pages                    = {1?134}
}

@Article{FLETCHER2013,
  Title                    = {{the European Electronic Manufacturing Services Industry}},
  Author                   = {FLETCHER, a. and Brent, P.},
  Year                     = {2013},
  Pages                    = {1?354}
}

@Article{FIPA2013,
  Title                    = {{The foundation for intelligent physical agents}},
  Author                   = {{FOUNDATION FOR INTELLIGENT PHYSICAL AGENTS - FIPA}},
  Journal                  = {IEEE Computer Soceity},
  Year                     = {2013},
  Pages                    = {1},

  Url                      = {http://www.fipa.org/}
}

@Article{FIPA2002a,
  Title                    = {{FIPA Agent Management Specification}},
  Author                   = {{FOUNDATION FOR INTELLIGENT PHYSICAL AGENTS - FIPA}},
  Journal                  = {Online},
  Year                     = {2002},

  Url                      = {http://www.fipa.org/specs/fipa00023/SC00023K.pdf}
}

@Misc{FRANK2011a,
  Title                    = {{Using the TeraGrid to teach scientific computing}},

  Author                   = {FRANK, L and 246 and Ffler and Allen, Gabrielle and Benger, Werner and Hutanu, Andrei and Jha, Shantenu and Schnetter, Erik},
  Year                     = {2011},

  Address                  = {Salt Lake City, Utah},
  Booktitle                = {{Proceedings of the 2011 TeraGrid Conference: Extreme Digital Discovery}},
  Doi                      = {10.1145/2016741.2016800},
  Pages                    = {1?7},
  Publisher                = {ACM}
}

@InProceedings{FREI2006,
  Title                    = {{Evolvable Assembly Systems - Basic Principles}},
  Author                   = {FREI, REGINA},
  Year                     = {2006},
  Pages                    = {1?12}
}

@InProceedings{FREI2007,
  Title                    = {{Evolvable production systems context and implications}},
  Author                   = {FREI, R. and Barata, J and Onori, M},
  Booktitle                = {{Industrial Electronics, 2007. ISIE ?}},
  Year                     = {2007},

  Url                      = {http://ieeexplore.ieee.org/xpls/abs\_all.jsp?arnumber=4375132}
}

@InProceedings{FREI2008e,
  Title                    = {{Designing Self-Organization for Evolvable Assembly Systems}},
  Author                   = {FREI, R and {Di Marzo Serugendo}, G and Barata, J},
  Booktitle                = {{Self-Adaptive and Self-Organizing Systems, 2008. SASO '08. Second IEEE International Conference on}},
  Year                     = {2008},
  Pages                    = {97?106},

  Doi                      = {10.1109/SASO.2008.20}
}

@InProceedings{FREI2010a,
  Title                    = {{Implementing self-organisation and self-management in evolvable assembly systems}},
  Author                   = {FREI, R and {Di Marzo Serugendo}, G and Pereira, N and Belo, J and Barata, J},
  Booktitle                = {{Industrial Electronics (ISIE), 2010 IEEE International Symposium on}},
  Year                     = {2010},
  Pages                    = {3527?3532},

  Doi                      = {10.1109/ISIE.2010.5637273}
}

@InProceedings{FREI2007c,
  Title                    = {{Evolvable Assembly Systems: Towards User Friendly Manufacturing}},
  Author                   = {FREI, R and Ribeiro, L and Barata, J and Semere, D},
  Booktitle                = {{Assembly and Manufacturing, 2007. ISAM '07. IEEE International Symposium on}},
  Year                     = {2007},
  Pages                    = {288?293},

  Doi                      = {10.1109/ISAM.2007.4288487}
}

@Article{FREI2011,
  Title                    = {{Self-organizing assembly systems}},
  Author                   = {FREI, R and Serugendo, G Di Marzo},
  Journal                  = {Systems, Man, and ?},
  Year                     = {2011}
}

@Article{FREI2010f,
  Title                    = {{Ambient intelligence in self-organising assembly systems using the chemical reaction model}},
  Author                   = {FREI, Regina and Serugendo, Giovanna Di Marzo and erbuanuua, Traian Florin},
  Journal                  = {Journal of Ambient Intelligence and Humanized Computing},
  Year                     = {2010},
  Pages                    = {163?184}
}

@Article{FUCHSLIN2006b,
  Title                    = {{Evolving inductive generalization via genetic self-assembly}},
  Author                   = {FUCHSLIN, R M and Maeke, Thomas and Tangen, Uwe and McCaskill, John S and F¸chslin, Rudolf M and Maeke, Thomas and Tangen, Uwe and McCaskill, John S and Fuchslin, R M and Maeke, Thomas and Tangen, Uwe and McCaskill, John S},
  Journal                  = {Adv. Complex Syst.},
  Year                     = {2006},
  Pages                    = {1?29},

  Doi                      = {10.1142/S0219525906000598}
}

@InProceedings{FUE2014,
  Title                    = {{Industrie 4.0 }},
  Author                   = {FUE, Whitepaper},
  Year                     = {2014},
  Number                   = {April},
  Pages                    = {1?20}
}

@Article{GAGO2009,
  Title                    = {{Modeling an educational multi-agent system in MaSE}},
  Author                   = {GAGO, Izabela Salotti Braga and Werneck, Vera M B and Costa, Rosa M},
  Journal                  = {Lecture Notes in Computer Science (including subseries Lecture Notes in Artificial Intelligence and Lecture Notes in Bioinformatics)},
  Year                     = {2009},
  Pages                    = {335?346},
  Volume                   = {5820 LNCS},

  Doi                      = {10.1007/978-3-642-04875-3_36},
  ISBN                     = {9783642048746},
  ISSN                     = {03029743}
}

@Article{GARGOURI2003,
  Title                    = {{An approach to the formal specification of lingware}},
  Author                   = {GARGOURI, Bilel and Jmaiel, Mohamed and Hamadou, Abdelmajid Ben},
  Journal                  = {Natural Language Engineering},
  Year                     = {2003},
  Pages                    = {211},

  Doi                      = {10.1017/S1351324902003030},
  ISSN                     = {1351-3249}
}

@Article{GASCUENA2012,
  Title                    = {{Model-driven engineering techniques for the development of multi-agent systems}},
  Author                   = {GASCUENA, JosÈ M and Navarro, Elena and Fern·ndez-Caballero, Antonio},
  Journal                  = {Engineering Applications of Artificial Intelligence},
  Year                     = {2012},

  Month                    = feb,
  Number                   = {1},
  Pages                    = {159?173},
  Volume                   = {25},

  Doi                      = {10.1016/j.engappai.2011.08.008},
  ISSN                     = {0952-1976},
  Url                      = {http://www.sciencedirect.com/science/article/pii/S0952197611001515}
}

@InProceedings{GEN&LIN2013,
  Title                    = {{Multiobjective evolutionary algorithm for manufacturing scheduling problems: state-of-the-art survey}},
  Author                   = {{GEN \& LIN}},
  Booktitle                = {{Journal of Intelligent Manufacturing}},
  Year                     = {2013},
  Pages                    = {1?18},

  Doi                      = {10.1007/s10845-013-0804-4},
  ISBN                     = {0956-5515}
}

@Article{VDE2014,
  Title                    = {{DKE STANDARDIZATION THE GERMAN STANDARDIZATION ROADMAP}},
  Author                   = {{German Commission for Electrical VDE}, Electronic \& Information Technologies of DIN},
  Year                     = {2014},
  Pages                    = {1--60},
  Volume                   = {0}
}

@InProceedings{GILL2005,
  Title                    = {{Challenges for critical embedded systems}},
  Author                   = {GILL, HELLEN},
  Booktitle                = {{Proceedings - International Workshop on Object-Oriented Real-Time Dependable Systems, WORDS}},
  Year                     = {2005},
  Pages                    = {7--9},

  Doi                      = {10.1109/WORDS.2005.21},
  ISBN                     = {0769523471}
}

@Article{GMBH1853,
  Title                    = {{Flexible production experts for reconfigurable assembly technology}},
  Author                   = {GMBH, Wende and PESCHI, Michael},
  Year                     = {1853},
  Pages                    = {1?2}
}

@InProceedings{RODRIGUEZ2011,
  Title                    = {{Modeling serious games using AOSE methodologies}},
  Author                   = {GOMEZ-RODRIGUEZ, Alma and Gonzalez-Moreno, Juan Carlos and Ramos-Valcarcel, David and Vazquez-Lopez, Luis},
  Booktitle                = {{2011 11th International Conference on Intelligent Systems Design and Applications}},
  Year                     = {2011},
  Month                    = nov,
  Pages                    = {53--58},
  Publisher                = {IEEE},

  Doi                      = {10.1109/ISDA.2011.6121630},
  ISBN                     = {978-1-4577-1676-8}
}

@Article{GOMEZ-SANZ2011,
  Title                    = {{Understanding Agent Oriented Software Engineering Methodologies}},
  Author                   = {GOMEZ-SANZ, Jorge J and Fuentes-fern, Ruben and Pavon, Juan},
  Journal                  = {12th International Workshop on Agent-Oriented Software Engineering},
  Year                     = {2011},
  Pages                    = {81--91}
}

@Article{GREMYR2003,
  Title                    = {{Robust design methodology: Status in the Swedish manufacturing industry}},
  Author                   = {GREMYR, I and Arvidsson, M and Johansson, P},
  Journal                  = {Quality and Reliability Engineering International},
  Year                     = {2003},
  Number                   = {4},
  Pages                    = {285--293},
  Volume                   = {19},

  Doi                      = {10.1002/qre.584},
  ISBN                     = {0748-8017},
  Url                      = {<Go to ISI>://WOS:000184857300005}
}

@Article{GRIFFITHS2015,
  Title                    = {{Proximity in Industry-Academia Collaborations : The Case of the ECHORD Project}},
  Author                   = {GRIFFITHS, Sascha and Voss, Laura and Rˆhrbein, Florian},
  Journal                  = {International Journal of Materials Science and Engineering},
  Year                     = {2015},
  Number                   = {1},
  Pages                    = {71 -- 76},
  Volume                   = {3},

  ISSN                     = {23154527}
}

@Book{GROOVER2007,
  Title                    = {{Automation, Production Systems, and Computer-Integrated Manufacturing}},
  Author                   = {GROOVER, Mikell P},
  Publisher                = {Prentice Hall Press},
  Year                     = {2007},

  ISBN                     = {0132393212},
  Pages                    = {840}
}

@InProceedings{GUBBI2013,
  Title                    = {{Internet of Things (IoT): A vision, architectural elements, and future directions}},
  Author                   = {GUBBI, Jayavardhana and Buyya, Rajkumar and Marusic, Slaven and Palaniswami, Marimuthu},
  Booktitle                = {{Future Generation Computer Systems}},
  Year                     = {2013},
  Number                   = {7},
  Pages                    = {1645 --1660},
  Publisher                = {Elsevier B.V.},
  Volume                   = {29},

  Doi                      = {10.1016/j.future.2013.01.010},
  Eprint                   = {1207.0203},
  ISBN                     = {0167739X},
  Url                      = {http://dx.doi.org/10.1016/j.future.2013.01.010}
}

@Article{GUIMARAES2005,
  Title                    = {{Norma IEC 61131-3 para programaÁ„o de controladores program·veis: estudo e aplicaÁ„o}},
  Author                   = {GUIMAR{??ES}, Hugo Casati Ferreira},
  Journal                  = {Projeto de GraduaÁ„o. Universidade Federal do EspÌrito Santo},
  Year                     = {2005}
}

@InProceedings{MACHADO2007,
  Title                    = {{CUSTOMIZA??O EM MASSA NA IND?SSTRIA AUTOMOTIVA : OS CASOS SCANIA E RANDON}},
  Author                   = {GUSTAVO, ANDR? and MACHADO, CARVALHO},
  Year                     = {2007},
  Pages                    = {1?18}
}

@Article{GUTIERREZ2011,
  Title                    = {{Detection of undesirable communication patterns in multi-agent systems}},
  Author                   = {GUTIERREZ, Celia and GarcÌa-MagariÒo, Iv·n and Fuentes-Fern·ndez, RubÈn},
  Journal                  = {Engineering Applications of Artificial Intelligence},
  Year                     = {2011},

  Month                    = feb,
  Number                   = {1},
  Pages                    = {103?116},
  Volume                   = {24},

  Doi                      = {10.1016/j.engappai.2010.09.004},
  ISSN                     = {0952-1976},
  Keywords                 = {Agent classification; Agent communication; Agent-oriented engineering methodologies; Agent-oriented metrics; Multi-agent systems},
  Url                      = {http://www.sciencedirect.com/science/article/pii/S0952197610001697}
}

@Article{HAASE2012,
  Title                    = {{Models, Methods, and Tools for Complex Chip Design}},
  Author                   = {HAASE, Jan and Contributions, Selected},
  Year                     = {2012},

  ISBN                     = {9783319014173}
}

@Article{HAESEVOETS2014,
  Title                    = {{Architecture-Centric Support for Adaptive Service Collaborations}},
  Author                   = {HAESEVOETS, Robrecht and Leuven, Katholieke Universiteit},
  Journal                  = {ACM Transactions on Software Engineering and Methodology},
  Year                     = {2014},
  Pages                    = {1?40},

  Doi                      = {10.1145/2559937}
}

@InProceedings{HAKEN2009,
  Title                    = {{Information and Self-Organization: A Macroscopic Approach to Complex Systems}},
  Author                   = {HAKEN},
  Booktitle                = {{Artificial Life}},
  Year                     = {2009},
  Number                   = {3},
  Pages                    = {377?383},
  Volume                   = {15},

  Doi                      = {10.1162/artl.2009.Prokopenko.B4},
  ISBN                     = {1064-5462 VO - 15}
}

@Article{HAO2005a,
  Title                    = {{An autonomous agent development environment for engineering applications}},
  Author                   = {HAO, Qi and Shen, Weiming and Zhang, Zhan},
  Journal                  = {Advanced Engineering Informatics},
  Year                     = {2005},

  Month                    = apr,
  Number                   = {2},
  Pages                    = {123?134},
  Volume                   = {19},

  Doi                      = {10.1016/j.aei.2005.05.007},
  ISSN                     = {1474-0346},
  Url                      = {http://www.sciencedirect.com/science/article/pii/S1474034605000376}
}

@Article{HENG2014,
  Title                    = {{Industry 4.0 - Upgrading of Germany's industrial capabilities on the horizon}},
  Author                   = {HENG, Stefan},
  Year                     = {2014},
  Pages                    = {15}
}

@InProceedings{HERZOG2014,
  Title                    = {{Estruturas LogÌstica rede de abastecimento para Ind˙stria 4.0}},
  Author                   = {HERZOG, O and Schuldt, A and Gehrke, J and Berndt, JO and ..., T Warden},
  Year                     = {2014},

  Url                      = {http://www.acatech.de/fileadmin/user\_upload/Baumstruktur\_nach\_Website/Acatech/root/de/Material\_fuer\_Sonderseiten/Second\_German-Indian-Workshop/2014-01-23\_INAE-acatech\_New\_Delhi\_Multi-Agent\_Systems\_Herzog.pdf}
}

@Article{HIERONS2014,
  Title                    = {{Combining Centralised and Distributed Testing}},
  Author                   = {HIERONS, Robert M},
  Year                     = {2014},
  Number                   = {1},
  Pages                    = {1?29},
  Volume                   = {24}
}

@InProceedings{HOFMANN2011,
  Title                    = {{Evolvable Micro Production Systems: Specific needs and differences to macro}},
  Author                   = {HOFMANN, A and Bretthauer, G and Siltala, N and Tuokko, R},
  Booktitle                = {{Assembly and Manufacturing (ISAM), 2011 IEEE International Symposium on}},
  Year                     = {2011},
  Pages                    = {1?6},

  Doi                      = {10.1109/ISAM.2011.5942361},
  ISBN                     = {Pending}
}

@Article{HUANG2009a,
  Title                    = {{Adaptive Dynamic Power Management for Hard Real-Time Systems}},
  Author                   = {HUANG, Kai Huang Kai and Santinelli, L. and Chen, Jian-Jia Chen Jian-Jia and Thiele, L. and Buttazzo, G.C.},
  Journal                  = {2009 30th IEEE Real-Time Systems Symposium},
  Year                     = {2009},

  Doi                      = {10.1109/RTSS.2009.25},
  File                     = {:C$\backslash$:/Users/Hiram Amaral3/Desktop/www6/gang2014c.pdf:pdf},
  ISBN                     = {978-0-7695-3875-4},
  ISSN                     = {1052-8725},
  Keywords                 = {Power Management; Real-Time Calculus; Real-Time Event Streams; Real-Time Interface}
}

@Article{OGP2010,
  Title                    = {{Instrument \& automation standards and committees for the international oil \& gas industry}},
  Author                   = {{I n t e r n a t i o n a l A s s o c i a t i o n o f O i l \& G a s P r o d u c e r s}},
  Year                     = {2010}
}

@Article{IEC2008,
  Title                    = {{SISTEMAS E CONTROLE: ESPECIFICA??O E IMPLANTA??O}},
  Author                   = {IEC, A Norma and Iec, Norma},
  Year                     = {2008}
}

@Article{IGLESIAS1998,
  Title                    = {{A Survey of Agent-Oriented Methodologies}},
  Author                   = {IGLESIAS},
  Year                     = {1998}
}

@InProceedings{IMAMURA1998,
  Title                    = {{Machine Assembly/Disassembly Planning by Cooperative Agents}},
  Author                   = {IMAMURA, S},
  Booktitle                = {{JSME International Journal, Series C: Mechanical Systems, Machine Elements and Manufacturing}},
  Year                     = {1998},
  Number                   = {4},
  Pages                    = {947?952},
  Volume                   = {41},

  ISSN                     = {13447653},
  Keywords                 = {Assembly; Disassembly; Multi Agent Architecture; Process Planning; Production System; Topological Relations Of Assembly Parts}
}

@Article{INTERNATIONALSTANDARD2003,
  Title                    = {{International Standard IEC 62264-1: Enterprise???Control System Integration Part 1:Models and Terminology.}},
  Author                   = {{INTERNATIONAL STANDARD}},
  Journal                  = {Geneva, Switzerland: Int. Electrotech. Commission},
  Year                     = {2003},
  Pages                    = {1?9}
}

@InProceedings{WENGER2012,
  Title                    = {{The RISC-V Instruction Set Manual}},
  Author                   = {ISA, Volume I Base User-level and Waterman, Andrew and Lee, Yunsup and Patterson, David and Asanovi, Krste and Isa, Base User-level},
  Booktitle                = {{2012 IEEE International Conference on Industrial Technology, ICIT 2012, Proceedings}},
  Year                     = {2012},
  Pages                    = {1?32},
  Volume                   = {I},

  Doi                      = {10.1109/ICIT.2012.6209917},
  ISBN                     = {9781467303422}
}

@Article{JACOBSEN2005,
  Title                    = {{Section 4: The Internet, Web, and IT Technologies in Industrial Automation and Design 4.1}},
  Author                   = {JACOBSEN, Hans-arno and Beuthel, Carsten and George, Paul and Topp, Ulrich},
  Year                     = {2005}
}

@Misc{JACOBSON1992,
  Title                    = {{Jacobson, M. Christerson, P. Jonsson, and G. Overgaard. Object-Oriented Software Engineering. A Use Case Driven Approach. ACM Press, 1992.}},

  Author                   = {JACOBSON},
  Year                     = {1992}
}

@Article{JARVENPAA2012capability,
  Title                    = {{Capability-based adaptation of production systems in a changing environment}},
  Author                   = {JARVENPAA, Eeva},
  Journal                  = {Tampereen teknillinen yliopisto. Julkaisu-Tampere University of Technology. Publication; 1082},
  Year                     = {2012}
}

@InProceedings{JATZKOWSKI2014,
  Title                    = {{Towards Self-reconfiguration of Real-time Communication within Cyber-physical Systems}},
  Author                   = {JATZKOWSKIi, Jan and Kleinjohann, Bernd},
  Booktitle                = {{Procedia Technology}},
  Year                     = {2014},
  Pages                    = {54?61},
  Publisher                = {Elsevier B.V.},
  Volume                   = {15},

  Doi                      = {10.1016/j.protcy.2014.09.034},
  Url                      = {http://linkinghub.elsevier.com/retrieve/pii/S2212017314001492}
}

@Article{JERVIS1972,
  Title                    = {An approach for a working relational data system},
  Author                   = {JERVIS, BRIAN AND PARKER, JAMES L. },
  Journal                  = {ACM SIGIR Forum},
  Year                     = {1972},
  Number                   = {4},
  Pages                    = {56--64},
  Volume                   = {7},

  Doi                      = {10.1145/1095495.1095501},
  ISSN                     = {01635840}
}

@Article{JIANG2014,
  Title                    = {{Diffusion in Social Networks : A Multiagent Perspective}},
  Author                   = {JIANG, Yichuan and Member, Senior and Jiang, J C},
  Year                     = {2014},
  Number                   = {2},
  Pages                    = {1?16},
  Volume                   = {45},

  Doi                      = {10.1109/TSMC.2014.2339198},
  ISSN                     = {2168-2216}
}

@Article{JONES2009,
  Title                    = {{Methodology of using delay-time analysis for a manufacturing industry}},
  Author                   = {Jones, B and Jenkinson, I and Wang, J},
  Journal                  = {Reliability Engineering \& System Safety},
  Year                     = {2009},
  Number                   = {1},
  Pages                    = {111?124},
  Volume                   = {94},

  Doi                      = {10.1016/j.ress.2007.12.005},
  ISBN                     = {0951-8320},
  Url                      = {<Go to ISI>://WOS:000260683700011}
}

@Book{ATJONES2003,
  Title                    = {{AI Application Programiming}},
  Author                   = {Jones., A. Tim},
  Year                     = {2003},

  Timestamp                = {2015.06.17}
}

@InProceedings{JULIO2014,
  Title                    = {{EMBRAPII RelatÛrio 2014}},
  Author                   = {JULIO, Kayo and Pereira, Cesar},
  Booktitle                = {{ASSOCIA????O BRASILEIRA DE PESQUISA E INOVA????O INDUSTRIAL - EMBRAPII}},
  Year                     = {2014}
}

@Article{STECKE1982,
  Title                    = {{DESIGN, PLANNING, SCHEDULING, AND CONTROL PROBLEMS OF FLEXIBLE MANUFACTURING SYSTEMS}},
  Author                   = {{K.E. Stecke}},
  Journal                  = {Annals of Operations Research},
  Year                     = {1982}
}

@Article{KAHN2006,
  Title                    = {{Perspective: Establishing an NPD best practices framework}},
  Author                   = {KAHN, Kenneth B. and Barczak, Gloria and Moss, Roberta},
  Journal                  = {Journal of Product Innovation Management},
  Year                     = {2006},
  Pages                    = {106--116},
  Volume                   = {23}
}

@Article{KAINZ2012,
  Title                    = {{Model-to-Model Transformation Chains}},
  Author                   = {KAINZ, Gerd and Buckl, Christian and Knoll, Alois},
  Journal                  = {Transformation},
  Year                     = {2012},
  Pages                    = {579--594}
}

@Article{KARABOGA2012,
  Title                    = {{A comprehensive survey: artificial bee colony (ABC) algorithm and applications}},
  Author                   = {KARABOGA, Dervis and Gorkemli, Beyza and Ozturk, Celal and Karaboga, Nurhan},
  Journal                  = {Artificial Intelligence Review},
  Year                     = {2012},
  Pages                    = {21?57},

  Doi                      = {10.1007/s10462-012-9328-0}
}

@Article{KARNOUSKOS2007,
  Title                    = {{Integration of SOA-ready Networked Embedded Devices in Enterprise Systems via a Cross-LayeredWeb Service Infrastructure}},
  Author                   = {KARNOUSKOS, Stamatis and Karnouskos, Stamatis and Baecker, Oliver and Baecker, Oliver and de Souza, Luciana Moreira S?a and de Souza, Luciana Moreira S?a and Spie?, Patrik and Spie?, Patrik},
  Year                     = {2007}
}

@Article{KEDDIS2013,
  Title                    = {{Towards adaptable manufacturing systems}},
  Author                   = {KEDDIS, Nadine and Kainz, Gerd and Buckl, Christian and Knoll, Alois},
  Journal                  = {Proceedings of the IEEE International Conference on Industrial Technology},
  Year                     = {2013},
  Pages                    = {1410?1415},

  Doi                      = {10.1109/ICIT.2013.6505878},
  ISBN                     = {9781467345699}
}

@Article{KINNY;GEORGEFF;RAO1996,
  Title                    = {{A Methodology and Modelling Technique for Systema of BDI Agents}},
  Author                   = {{KINNY; GEORGEFF; RAO}},
  Year                     = {1996}
}

@InProceedings{KOREN1999,
  Title                    = {{Reconfigurable Manufacturing Systems}},
  Author                   = {KOREN, Y. and Heisel, U. and Jovane, F. and Moriwaki, T. and Pritschow, G. and Ulsoy, G. and {Van Brussel}, H.},
  Booktitle                = {{CIRP Annals - Manufacturing Technology}},
  Year                     = {1999},
  Number                   = {2},
  Pages                    = {527?540},
  Volume                   = {48},

  Doi                      = {10.1016/S0007-8506(07)63232-6},
  ISBN                     = {0007-8506},
  Url                      = {http://www.sciencedirect.com/science/article/pii/S0007850607632326}
}

@Article{KRAMMER2011,
  Title                    = {{VISTRA - Virtuelle Simulation Training und in der Montage und im Service. In: Tagungsband. ATZproduktion-Fachtagung, 7. ATZproduktion-Fachtagung, 26-27 setembro, Mainz, Alemanha, Springer M?dia Autom?vel, Setembro 2011}},
  Author                   = {KRAMMER, P. Schlick J. Gorecky D.},
  Year                     = {2011}
}

@InProceedings{KRANENBURG2013,
  Title                    = {{IoT - A Community Newsletter \# 7 Foreword by Thibaut Kleiner}},
  Author                   = {KRANENBURG, Mail Rob Van},
  Year                     = {2013},
  Pages                    = {1?12}
}

@InProceedings{KRUG2002,
  Title                    = {{SimplificaÁ„o de Express\~{o}es Booleanas e Circuitos LÛgicos TÛpicos ??lgebra Booleana ??lgebra Booleana}},
  Author                   = {KRUG, Margrit Reni and Booleana, Revis„o ??lgebra},
  Year                     = {2002},
  Pages                    = {1--21}
}

@Article{KRUGLIANSKAS2006,
  Title                    = {{Lei De InovaÁ„o TecnolÛgica : Instrumento Efetivo De Incentivo a InovaÁ„o E a Pesquisa No Brasil ? Law of Technological Innovation : Effective Instrument of Incentive for the Innovation and the Research in Brazil ?}},
  Author                   = {KRUGLIANSKAS, Isak},
  Year                     = {2006},
  Pages                    = {76--88}
}

@Article{KRUGLIANSKAS2005a,
  Title                    = {{Um enfoque sobre a lei de inova??o tecnol?gica do Brasil}},
  Author                   = {KRUGLIANSKAS, Isak and Matias-pereira, JosÈ},
  Journal                  = {Revista de AdministraÁao P˙blica},
  Year                     = {2005},
  Pages                    = {1011--1028}
}

@Article{KUMAR2002,
  Title                    = {Intelligent manufacturing systems},
  Author                   = {KUMAR, Surender},
  Year                     = {2002},
  Pages                    = {1--20},

  File                     = {:C$\backslash$:/Users/Hiram Amaral3/Documents/EGDownloads/int\_manu.pdf:pdf},
  ISSN                     = {0892--9912},
  Url                      = {http://pchats.tripod.com/int\_manu.pdf}
}

@Article{LABARTHE2007,
  Title                    = {{Toward a methodological framework for agent-based modelling and simulation of supply chains in a mass customization context}},
  Author                   = {LABARTHE, Olivier and Espinasse, Bernard and Ferrarini, Alain and Montreuil, Benoit},
  Journal                  = {Simulation Modelling Practice and Theory},
  Year                     = {2007},

  Month                    = feb,
  Pages                    = {113?136},

  Doi                      = {10.1016/j.simpat.2006.09.014},
  ISSN                     = {1569-190X}
}

@InProceedings{LAI2014,
  Title                    = {{CPAL: A Conditional Privacy-Preserving Authentication with Access Linkability for Roaming Service}},
  Author                   = {LAI, Chengzhe and Li, Hui and Liang, Xiaohui and Lu, Rongxing and Zhang, Kuan and Shen, Xuemin},
  Booktitle                = {{IEEE Internet of Things Journal}},
  Year                     = {2014},
  Number                   = {1},
  Pages                    = {1?1},
  Volume                   = {1},

  ISSN                     = {2327-4662},
  Keywords                 = {Anonymous user linkability; Internet of Things (IoT); Joining processes; Privacy; Protocols; Servers; authentication; privacy preservation; roaming; security},
  Shorttitle               = {Internet of Things Journal, IEEE},
  Url                      = {http://ieeexplore.ieee.org/lpdocs/epic03/wrapper.htm?arnumber=6742585}
}

@Book{LARMAN2007,
  Title                    = {Utilizando UML e padr?es: Uma introdu??o ? an?lise e ao projeto orientados a objetos e ao desenvolvimento iterativo / Crai Larman; tradu??o Rosana Vaccare Braga... [et al.] - 3. ed. - Porto Alegre},
  Author                   = {LARMAN, CRAIG},
  Year                     = {2007},

  Date                     = {2007},
  Optaddendum              = {addendum},
  Optafterword             = {afterword},
  Optannotator             = {annotator},
  Optchapter               = {chapter},
  Optcommentator           = {commentator},
  Optdoi                   = {doi},
  Optedition               = {edition},
  Opteditor                = {CIP -- Brasil},
  Opteditora               = {Elsevier},
  Opteditorb               = {editorb},
  Opteditorc               = {editorc},
  Opteprint                = {eprint},
  Opteprintclass           = {eprintclass},
  Opteprinttype            = {eprinttype},
  Optforeword              = {foreword},
  Optintroduction          = {introduction},
  Optisbn                  = {978-85-60031-52-8},
  Optlanguage              = {language},
  Optlocation              = {Rio de Janeiro},
  Optmainsubtitle          = {mainsubtitle},
  Optmaintitle             = {maintitle},
  Optmaintitleaddon        = {maintitleaddon},
  Optnote                  = {note},
  Optnumber                = {number},
  Optoriglanguage          = {origlanguage},
  Optpages                 = {pages},
  Optpagetotal             = {pagetotal},
  Optpart                  = {part},
  Optpublisher             = {publisher},
  Optpubstate              = {pubstate},
  Optseries                = {series},
  Optsubtitle              = {subtitle},
  Opttitleaddon            = {titleaddon},
  Opttranslator            = {Rosana Vaccare Braga... [et al.]},
  Opturl                   = {url},
  Opturldate               = {urldate},
  Optvolume                = {volume},
  Optvolumes               = {volumes}
}

@Article{LARSEN2011,
  Title                    = {{Cross-sectoral Analysis of the Impact of International Industrial Policy on Key Enabling Technologies}},
  Author                   = {LARSEN, Peter Bj¯ rn and {Van de Velde}, Els and Durinck, Eveline and Piester, Henrik Noes and Jakobsen, Leif and Shapiro, Hanne},
  Journal                  = {European Commission},
  Year                     = {2011},
  Number                   = {March},

  ISBN                     = {0333903129},
  Url                      = {https://webgate.ec.europa.eu/ketsobservatory/sites/default/files/library/cross-sectoral\_analysis\_of\_the\_impact\_of\_international\_industrial\_policy\_on\_key\_enabling\_technologies.pdf}
}

@Article{LEAL2014,
  Title                    = {{Software agents for management dynamic inter-organizational collaborations}},
  Author                   = {LEAL, E. T. and Chiotti, O. and Villarreal, P. D.},
  Journal                  = {IEEE Latin America Transactions},
  Year                     = {2014},
  Number                   = {2},
  Pages                    = {330--341},
  Volume                   = {12},

  Doi                      = {10.1109/TLA.2014.6749556},
  ISBN                     = {1548-0992},
  ISSN                     = {15480992}
}

@InProceedings{LEE2009,
  Title                    = {{Finite State Machines and Modal Models in Ptolemy II}},
  Author                   = {LEE, EDWARD A.},
  Year                     = {2009}
}

@InProceedings{LEE2008,
  Title                    = {{Heterogeneous Concurrent Modeling and Design in Java ( Volume 1 : Introduction to Ptolemy II )}},
  Author                   = {LEE, EDWARD A. and Neuendorffer, Stephen},
  Year                     = {2008},
  Volume                   = {1}
}

@InProceedings{LEE2011,
  Title                    = {{Introduction to embedded systems: a cyber-physical systems approach}},
  Author                   = {LEE, EDWARD Ashford and Seshia, Sanjit a},
  Year                     = {2011},

  ISBN                     = {9780557708574 0557708575}
}

@InProceedings{LEE2005,
  Title                    = {{Operational Semantics of Hybrid Systems}},
  Author                   = {LEE, Edward A and Zheng, Haiyang},
  Year                     = {2005},
  Pages                    = {25?53}
}

@InProceedings{LEITAO2008b,
  Title                    = {{Self-Organization in Manufacturing Systems: Challenges and Opportunities}},
  Author                   = {LEIT?O, P},
  Booktitle                = {{Self-Adaptive and Self-Organizing Systems Workshops, 2008. SASOW 2008. Second IEEE International Conference on}},
  Year                     = {2008},
  Pages                    = {174?179},

  Doi                      = {10.1109/SASOW.2008.40}
}

@Article{LEITAO2013a,
  Title                    = {{Past, Present, and Future of Industrial Agent Applications}},
  Author                   = {LEIT?O, Paulo and Marik, Vladimir and Vrba, Pavel and Member, Senior},
  Journal                  = {Industrial Informatics, IEEE Transactions on},
  Year                     = {2013},

  Month                    = nov,
  Pages                    = {2360?2372},

  Doi                      = {10.1109/TII.2012.2222034}
}

@Article{LEITAO2004,
  Title                    = {{An Agile and Adaptive Holonic Architecture for Manufacturing Control}},
  Author                   = {LEIT?O, Paulo Jorge Pinto and Restivo, Prof. Doutor Francisco},
  Journal                  = {Faculty of Engineering of University of Porto},
  Year                     = {2004},
  Pages                    = {297}
}

@Article{LEITAO2013c,
  Title                    = {{Multi-agent System Approach for the Strategic Planning in Ramp-Up Production of Small Lots}},
  Author                   = {LEIT??O, Paulo and Barbosa, Jose and Vrba, Pavel and Skobelev, Petr and Tsarev, Alexander and Kazanskaia, Daria},
  Journal                  = {2013 IEEE International Conference on Systems, Man, and Cybernetics},
  Year                     = {2013},
  Pages                    = {4743?4748},

  Doi                      = {10.1109/SMC.2013.807}
}

@InProceedings{LEITAO2008,
  Title                    = {{A bio-inspired solution for manufacturing control systems}},
  Author                   = {LEITAO, Paulo},
  Year                     = {2008},
  Pages                    = {303--314},
  Volume                   = {266}
}

@Article{LEITAO2006,
  Title                    = {{ADACOR: A holonic architecture for agile and adaptive manufacturing control}},
  Author                   = {LEITAO, Paulo and Restivo, Francisco},
  Journal                  = {Computers in Industry},
  Year                     = {2006},

  Month                    = feb,
  Number                   = {2},
  Pages                    = {121--130},
  Volume                   = {57},

  Doi                      = {10.1016/j.compind.2005.05.005},
  ISBN                     = {0166-3615},
  ISSN                     = {01663615},
  Url                      = {http://www.sciencedirect.com/science/article/pii/S0166361505001077}
}

@InProceedings{LEITAO2002,
  Title                    = {{Holonic adaptive production control systems}},
  Author                   = {LEITAO, P. and Restivo, F.},
  Booktitle                = {{IEEE 2002 28th Annual Conference of the Industrial Electronics Society. IECON 02}},
  Year                     = {2002},
  Pages                    = {2968--2973},
  Volume                   = {4},

  Doi                      = {10.1109/IECON.2002.1182868},
  ISBN                     = {0-7803-7474-6}
}

@Article{LEITE2007,
  Title                    = {{Understanding the Strategic Actor Diagram: an Exercise of Meta Modeling.}},
  Author                   = {LEITE, Julio Cesar Sampaio Do Prado and Werneck, Vera Maria Bejamim and Oliveira, Antonio De Padua Albuquerque and Cappelli, Claudia and Cerqueira, Ana Luiza a and Cunha, Herbert De Souza and Gonzalez-Baixauli, Bruno},
  Journal                  = {10th Workshop on Requirements Engineering (WER 2007)},
  Year                     = {2007},
  Number                   = {Section 2},
  Pages                    = {2--12},

  Url                      = {http://www.inf.puc-rio.br/~wer/WERpapers/artigos/artigos\_WER07/Cwer07-leite01.pdf}
}

@Article{LI2014,
  Title                    = {{Distributed Smart-home Decision-making in a Hierarchical Interactive Smart Grid Architecture}},
  Author                   = {LI, D and Jayaweera, S K},
  Journal                  = {Parallel and Distributed Systems, IEEE Transactions on},
  Year                     = {2014},
  Number                   = {1},
  Pages                    = {1},
  Volume                   = {PP},

  Doi                      = {10.1109/TPDS.2014.2308204},
  ISBN                     = {1045-9219 VO - PP},
  ISSN                     = {10459219},
  Keywords                 = {Decision making; Games; Load modeling; Microgrids; Planning; Real-time systems; Smart grids}
}

@Article{LI2015,
  Title                    = {{A Hyperheuristic Approach for Intercell Scheduling With Single Processing Machines and Batch Processing Machines}},
  Author                   = {LI, Dongni and Li, Miao and Meng, Xianwen and Tian, Yunna},
  Year                     = {2015},
  Pages                    = {315?325}
}

@Article{LI2014a,
  Title                    = {{Engineering Distributed Intelligence: Issues and Challenges}},
  Author                   = {LI, Kin Fun},
  Journal                  = {2014 Eighth International Conference on Complex, Intelligent and Software Intensive Systems},
  Year                     = {2014},
  Pages                    = {404?408},

  Doi                      = {10.1109/CISIS.2014.56},
  ISBN                     = {978-1-4799-4325-8},
  Url                      = {http://ieeexplore.ieee.org/lpdocs/epic03/wrapper.htm?arnumber=6915547}
}

@InProceedings{LI2015b,
  Title                    = {{Lista Completa de Demos Ptolomeu II Demos Sistema Demos por DomÌnio Outros Demos Demos Sistema Sistema ElÈtrico de PotÍncia}},
  Author                   = {LI, Ptolomeu and El, Sistema and Ii, Ptolomeu and Ii, Ptolomeu and Ca, Loop and Automata, Cellular and Din, Dataflow and De, Dataflow Synchronous Distributed and Time, Discrete and Dataflow, Heterochronous and Psdf, Modal and Dataflow, Parameterized Synchronous and Pn, Petrinet and Ptera, Ptalon and Evento, Ptolomeu and Ator, Relacionamento and Ptides, Pthales and Integrado, Temporal and Distribu, Sistemas and Estado, Quantized Sistemas and Dataflow, Synchronous and Space, Office and Tm, Taskpt},
  Year                     = {2015},
  Pages                    = {1?16}
}

@InProceedings{LI2015a,
  Title                    = {{Posto de Ptolomeu II}},
  Author                   = {LI, Ptolomeu and Ii, Ptolomeu and Ii, Ptolomeu and Ator, Bibliotecas and Ii, Ptolomeu and Ii, Ptolomeu and Ii, Ptolomeu and Ii, Ptolomeu and Wirelesssounddetection, As},
  Year                     = {2015},
  Pages                    = {1--9}
}

@InProceedings{LI2014b,
  Title                    = {{The internet of things: a survey}},
  Author                   = {LI, Shancang and Xu, Li Da and Zhao, Shanshan},
  Booktitle                = {{Information Systems Frontiers}},
  Year                     = {2014},

  Doi                      = {10.1007/s10796-014-9492-7},
  ISSN                     = {1387-3326},
  Url                      = {http://link.springer.com/10.1007/s10796-014-9492-7}
}

@inproceedings{VanSyckel:2014:SPP:2638728.2641672,
 author = {VanSyckel, Sebastian and Becker, Christian},
 title = {A Survey of Proactive Pervasive Computing},
 booktitle = {Proceedings of the 2014 ACM International Joint Conference on Pervasive and Ubiquitous Computing: Adjunct Publication},
 series = {UbiComp '14 Adjunct},
 year = {2014},
 isbn = {978-1-4503-3047-3},
 location = {Seattle, Washington},
 pages = {421--430},
 numpages = {10},
 url = {http://doi.acm.org/10.1145/2638728.2641672},
 doi = {10.1145/2638728.2641672},
 acmid = {2641672},
 publisher = {ACM},
 address = {New York, NY, USA},
 keywords = {context-aware systems and applications, pervasive computing, proactive adaptation},
}

@Article{LI2008,
  Title                    = {{Multi-model driven collaborative development platform for service-oriented e-Business systems}},
  Author                   = {LI, Yinsheng and Shen, Jianping and Shi, Junshuai and Shen, Weiming and Huang, Ying and Xu, Yingxiao},
  Journal                  = {Advanced Engineering Informatics},
  Year                     = {2008},

  Month                    = jul,
  Number                   = {3},
  Pages                    = {328?339},
  Volume                   = {22},

  Doi                      = {10.1016/j.aei.2007.09.005},
  ISSN                     = {1474-0346},
  Url                      = {http://www.sciencedirect.com/science/article/pii/S1474034607000699}
}

@Article{LIN2007,
  Title                    = {{A Methodology to Evaluate Agent Oriented Software Engineering Techniques}},
  Author                   = {LIN, Chia-en and Kavi, Krishna M and Sheldon, Frederick T and Daley, Kris M and Abercrombie, Robert K},
  Journal                  = {System Sciences, 2007. HICSS 2007. 40th Annual Hawaii International Conference on},
  Year                     = {2007},
  Pages                    = {20},

  Doi                      = {10.1109/HICSS.2007.20},
  ISSN                     = {1530-1605}
}

@InProceedings{LIU2014,
  Title                    = {{Design of A Scalable Hybrid MAC Protocol for Heterogeneous M2M Networks}},
  Author                   = {LIU, Yi and Yuen, Chau and Cao, Xianghui and {Ul Hassan}, Naveed and Chen, Jiming},
  Booktitle                = {{IEEE Internet of Things Journal}},
  Year                     = {2014},
  Number                   = {1},
  Pages                    = {1?1},
  Volume                   = {1},

  ISSN                     = {2327-4662},
  Shorttitle               = {Internet of Things Journal, IEEE},
  Url                      = {http://ieeexplore.ieee.org/lpdocs/epic03/wrapper.htm?arnumber=6762845}
}

@Article{LIZCANO2013,
  Title                    = {{A Web-Centred Approach to End-User Software Engineering}},
  Author                   = {LIZCANO, David and Alonso, Fernando and Soriano, Javier and Lopez, Genoveva},
  Year                     = {2013},
  Number                   = {4},
  Volume                   = {22}
}

@Misc{LLAVES2012a,
  Title                    = {{Semantic event processing in ENVISION}},

  Author                   = {LLAVES, Alejandro and Michels, Henry and Mau, Patrick and 233 and Roth, Marcell},
  Year                     = {2012},

  Address                  = {Craiova, Romania},
  Booktitle                = {{Proceedings of the 2nd International Conference on Web Intelligence, Mining and Semantics}},
  Doi                      = {10.1145/2254129.2254161},
  File                     = {:C$\backslash$:/Users/Hiram Amaral3/AppData/Local/Mendeley Ltd/Mendeley Desktop/Downloaded/Llaves-2012-Semantic event proce.pdf:pdf},
  Pages                    = {1?9},
  Publisher                = {ACM}
}

@InProceedings{LOOSEN2011,
  Title                    = {{Self-optimizing assembly of laser systems}},
  Author                   = {LOOSEN, Peter and Schmitt, Robert and Brecher, Christian and M¸ller, Rainer and Funck, Max and Gatej, Alexander and Morasch, Valentin and Pavim, Alberto and Pyschny, Nicolas},
  Booktitle                = {{Research and Development}},
  Year                     = {2011},
  Number                   = {4},
  Pages                    = {443?451},
  Volume                   = {5},

  Doi                      = {10.1007/s11740-011-0328-8},
  ISSN                     = {0944-6524},
  Keywords                 = {Laser assembly; Multi-agent systems; Self-optimization}
}

@Article{LOW2004a,
  Title                    = {{A Preliminary Comparative Feature Analysis of Multi-agent Systems Development Methodologies}},
  Author                   = {{LOW, G.} and {Williams, M.}},
  Year                     = {2004},
  Pages                    = {157?168},
  Volume                   = {6},

  Url                      = {http://www.angelfire.com/theforce/numitran/AOIS04.pdf}
}

@Article{LUIS2011,
  Title                    = {{O Processo de InovaÁ„o em TrÌplice HÈlice : uma An·lise de Casos da CorÈia do Sul}},
  Author                   = {LUIS, Guilherme and Vaccaro, Roehe and Mendes, Carlos Alberto},
  Journal                  = {8o. Congresso Brasileiro de Gest„o de Desenvolvimento de Produto},
  Year                     = {2011},
  Pages                    = {1?12}
}

@Article{MEHRABI2002,
  Title                    = {{Trends and perspectives in flexible and reconfigurable manufacturing systems}},
  Author                   = {{M. G. MEHRABI, A. G. ULSOY, Y. KOREN AND HEYTLER}},
  Year                     = {2002},
  Pages                    = {135?146}
}

@Article{MACIA-PEREZ2014,
  Title                    = {{A formal framework for modelling complex network management systems}},
  Author                   = {MACIA-PEREZ, Francisco and Lorenzo-Fonseca, Iren and Berna-Martinez, Jose Vicente},
  Journal                  = {Journal of Network and Computer Applications},
  Year                     = {2014},

  Month                    = apr,
  Pages                    = {255?269},
  Volume                   = {40},

  Doi                      = {10.1016/j.jnca.2013.09.017},
  ISSN                     = {1084-8045}
}

@Misc{MAES2014b,
  Title                    = {{On the Need for Evolvability Assessment in Value Management}},

  Author                   = {MAES, K and {De Bruyn}, P and Oorts, G and Huysmans, P},
  Year                     = {2014},

  Booktitle                = {{System Sciences (HICSS), 2014 47th Hawaii International Conference on}},
  Doi                      = {10.1109/HICSS.2014.543},
  Pages                    = {4406?4415}
}

@InProceedings{MAFEI2011b,
  Title                    = {{Evolvable production systems: A new business environment}},
  Author                   = {MAFFEI, A},
  Booktitle                = {{Assembly and Manufacturing (ISAM), 2011 IEEE International Symposium on}},
  Year                     = {2011},
  Pages                    = {1?5},

  Doi                      = {10.1109/ISAM.2011.5942341},
  ISBN                     = {Pending}
}

@InProceedings{MAFFEI2013b,
  Title                    = {{Characterization of Costs and Strategies for Automation in Evolvable Production Systems}},
  Author                   = {MAFFEI, A and Akillioglu, H and Flores, L},
  Booktitle                = {{Systems, Man, and Cybernetics (SMC), 2013 IEEE International Conference on}},
  Year                     = {2013},
  Pages                    = {4866?4871},

  Doi                      = {10.1109/SMC.2013.828}
}

@InProceedings{MAFFEI2011,
  Title                    = {{Emerging Behavior as driver for the sustainability of a modular, \&\#x201C;skills-centric\&\#x201D; production system}},
  Author                   = {MAFFEI, A and Akilliuglu, H and Neves, P and Ferreira, J and Onori, M},
  Booktitle                = {{AFRICON, 2011}},
  Year                     = {2011},
  Pages                    = {1?6},

  Doi                      = {10.1109/AFRCON.2011.6072121},
  ISBN                     = {2153-0025}
}

@InProceedings{MAFFEI2010a,
  Title                    = {{From Flexibility to true Evolvability : an introduction to the basic requirements}},
  Author                   = {MAFFEI, Antonio and Hofmann, Andreas},
  Booktitle                = {{Industrial Electronics (ISIE), 2010 IEEE International Symposium on}},
  Year                     = {2010},
  Pages                    = {2658?2663},

  Doi                      = {10.1109/ISIE.2010.5637821},
  ISBN                     = {9781424463923}
}

@InProceedings{MAFFEI2013j,
  Title                    = {{Identification of the value proposition of an evolvable production system}},
  Author                   = {MAFFEI, A and Neves, P and Onori, M},
  Booktitle                = {{Mechatronics and its Applications (ISMA), 2013 9th International Symposium on}},
  Year                     = {2013},
  Pages                    = {1?6},

  Doi                      = {10.1109/ISMA.2013.6547366}
}

@InProceedings{MAFFEI2009a,
  Title                    = {{A preliminary study of business model for evolvable production systems}},
  Author                   = {MAFFEI, A and Onori, M},
  Booktitle                = {{Assembly and Manufacturing, 2009. ISAM 2009. IEEE International Symposium on}},
  Year                     = {2009},
  Pages                    = {402?407},

  Doi                      = {10.1109/ISAM.2009.5376969}
}

@InCollection{MAFFEI2010evolvable,
  Title                    = {{Evolvable Production Systems: Mechatronic Production Equipment with Evolutionary Control}},
  Author                   = {MAFFEI, Antonio and Onori, Mauro and Neves, Pedro and Barata, JosÈ},
  Booktitle                = {{Emerging Trends in Technological Innovation}},
  Publisher                = {Springer},
  Year                     = {2010},
  Pages                    = {133?142}
}

@Article{MAFRA2006,
  Title                    = {{Estudos Prim·rios e Secund·rios apoiando a busca por EvidÍncia em Engenharia de Software Estudos Prim·rios e Secund·rios apoiando a busca por EvidÍncia em Engenharia de Software}},
  Author                   = {MAFRA, SÙmulo Nogueira},
  Year                     = {2006}
}

@Article{MANFRON2013,
  Title                    = {{AplicaÁ„o do modelo hÈlice trÌplice para incentivar o processo de inovaÁ„o : A experiÍncia da empresa Pr·tica Produtos S / A AplicaÁ„o do modelo hÈlice trÌplice para incentivar o processo de inovaÁ„o : A experiÍncia da empresa Pr·tica Produtos S / A Appli}},
  Author                   = {{MANFRON de Paula}, Roberta and Ferreira, Marco FL?VIO and SILVA, JOS? S?RGIO},
  Journal                  = {XV Congresso Latino-Iberamericana de Gest„o da Tecnologia - Portugual},
  Year                     = {2013},
  Pages                    = {1?13},

  ISBN                     = {978-989-98721-0-3}
}

@Article{MANZOOR2014a,
  Title                    = {{Multi-Agent Modeling Toolkit MAMT}},
  Author                   = {MANZOOR, Umar and Zafar, Bassam},
  Journal                  = {Simulation Modelling Practice and Theory},
  Year                     = {2014},

  Month                    = dec,
  Pages                    = {215?227},

  Doi                      = {10.1016/j.simpat.2014.09.005},
  ISSN                     = {1569-190X}
}

@Article{MARINS2007,
  Title                    = {{Revista EletrÙnica de CiÍncia Administrativa (RECADM) - ISSN 1677-7387}},
  Author                   = {MARINS, LUCIANA},
  Journal                  = {Revista EletrÙnica de CiÍncia Administrativa (RECADM) - ISSN 1677-7387 Faculdade Cenecista de Campo Largo - CoordenaÁ„o do Curso de AdministraÁ„o v. 6, n. 1, maio/2007 - www.facecla.com.br/recadm/},
  Year                     = {2007},
  Volume                   = {6}
}

@Article{MARTINIUC2014,
  Title                    = {{Descriptive model for the prediction of motion direction from spike trains of ON-OFF directional selective retinal ganglion cells}},
  Author                   = {MARTINIUC, Aurel V and Bocos-Bintintan, Victor and Rˆhrbein, Florian and Knoll, Alois},
  Journal                  = {BMC Neuroscience},
  Year                     = {2014},
  Number                   = {Suppl 1},
  Pages                    = {P124},
  Volume                   = {15},

  Doi                      = {10.1186/1471-2202-15-S1-P124},
  ISSN                     = {1471-2202},
  Publisher                = {BioMed Central Ltd},
  Url                      = {http://www.biomedcentral.com/1471-2202/15/S1/P124}
}

@Article{MEHRABI2000,
  Title                    = {{Reconfigurable manufacturing systems : Key to future manufacturing}},
  Author                   = {MEHRABI, M G and Ulsoy, a G and Koren, Y},
  Journal                  = {Journal of Intelligent Manufacturing},
  Year                     = {2000},
  Pages                    = {403?419},

  Doi                      = {10.1023/A:1008930403506}
}

@InProceedings{MEN2015,
  Title                    = {{A era das f·bricas inteligentes est· comeÁando}},
  Author                   = {MEN, Mechanical and Asimov, Isaac and Men, Mechanical and Brynjolfsson, Erik and Mcafee, Andrew and Era, Segunda and Mcafee, Para and Obama, Barack},
  Year                     = {2015},
  Pages                    = {1?5}
}

@Article{MEYER2000,
  Title                    = {{Object-Oriented Software Construction}},
  Author                   = {MEYER, Bertrand},
  Journal                  = {Nuclear Instruments and Methods in Physics Research Section A: Accelerators, Spectrometers, Detectors and Associated Equipment},
  Year                     = {2000},
  Pages                    = {1300},
  Volume                   = {352},

  Doi                      = {10.1016/0168-9002(94)91548-2},
  ISBN                     = {0-13-629155-4},
  ISSN                     = {01676423}
}

@InProceedings{MEYER1993,
  Title                    = {{SYSTEMATIC OBJECT-ORIENTED}},
  Author                   = {MEYER, Bertrand},
  Year                     = {1993},
  Number                   = {9}
}

@InProceedings{MEYER2007,
  Title                    = {{Automatic Testing of Object-Oriented Software 1 Overview : A Session with AutoTest}},
  Author                   = {MEYER, Bertrand and Ciupa, Ilinca and Leitner, Andreas and Liu, Lisa Ling},
  Year                     = {2007},
  Pages                    = {114?129}
}

@Article{MILES2011,
  Title                    = {{PrIMe: a methodology for developing provenance-aware applications}},
  Author                   = {MILES, Simon and Groth, Paul and Munroe, Steve and Moreau, Luc},
  Year                     = {2011},
  Number                   = {3},
  Volume                   = {20},

  Doi                      = {10.1145/2000791.2000792},
  File                     = {:C$\backslash$:/Users/Hiram Amaral3/AppData/Local/Mendeley Ltd./Mendeley Desktop/Downloaded/Miles et al. - 2011 - PrIMe a methodology for developing provenance-aware applications.pdf:pdf},
  ISSN                     = {1049331X},
  Keywords                 = {QA75 Electronic computers. Computer science},
  Url                      = {http://eprints.soton.ac.uk/267450/}
}

@Article{MOLINA2013,
  Title                    = {{A framework for model-based design of embedded systems for energy management}},
  Author                   = {MOLINA, Javier Moreno and Pan, Xiao and Grimm, Christoph and Damm, Markus},
  Journal                  = {2013 Workshop on Modeling and Simulation of Cyber-Physical Energy Systems (MSCPES)},
  Year                     = {2013},
  Pages                    = {1?6},

  Doi                      = {10.1109/MSCPES.2013.6623325},
  ISBN                     = {978-1-4799-1307-7},
  Url                      = {http://ieeexplore.ieee.org/lpdocs/epic03/wrapper.htm?arnumber=6623325}
}

@InProceedings{MONOSTORI2014b,
  Title                    = {{Cyber-physical production systems: Roots, expectations and R\&D challenges}},
  Author                   = {MONOSTORI, L·szlÛ},
  Booktitle                = {{Procedia CIRP}},
  Year                     = {2014},
  Pages                    = {9?13},
  Publisher                = {Elsevier B.V.},
  Volume                   = {17},

  Doi                      = {10.1016/j.procir.2014.03.115},
  ISSN                     = {22128271},
  Keywords                 = {Cyber-physical systems; Distributed systems; Manufacturing systems},
  Url                      = {http://dx.doi.org/10.1016/j.procir.2014.03.115}
}

@Article{MONOSTORI2006,
  Title                    = {{Agent-Based Systems for Manufacturing}},
  Author                   = {MONOSTORI, L and Vancza, J and Kumara, S R T},
  Journal                  = {CIRP Annals - Manufacturing Technology},
  Year                     = {2006},
  Number                   = {2},
  Pages                    = {697?720},
  Volume                   = {55},

  Doi                      = {10.1016/j.cirp.2006.10.004},
  ISBN                     = {0007-8506},
  Url                      = {http://www.sciencedirect.com/science/article/pii/S1660277306000053}
}

@InProceedings{MONTEBELO2000,
  Title                    = {{SRAT ( Systematic Review Automatic Tool ) ?Uma Ferramenta Computacional de Apoio ‡ Revis„o Sistematicatica}},
  Author                   = {MONTEBELO, Renan and Orlando, Alex and Porto, Daniel and Zaniro, DÍnis and Fabbri, Sandra},
  Year                     = {2000},
  Pages                    = {13?22}
}

@Article{MOREL2003,
  Title                    = {{Manufacturing Enterprise Control and Management System Engineering: paradigms and open issues}},
  Author                   = {MOREL, GERARDand Panetto Herve and Zaremba, Marek and Mayer, Frederick},
  Journal                  = {Annual Reviews in Control},
  Year                     = {2003},
  Number                   = {2},
  Pages                    = {199?209},
  Volume                   = {27},

  Doi                      = {10.1016/j.arcontrol.2003.09.003},
  ISSN                     = {1367-5788},
  Url                      = {http://www.sciencedirect.com/science/article/pii/S1367578803000282}
}

@InProceedings{MUNZLINGER2012,
  Title                    = {{SISTEMATIZA??O DE REVIS?ES BIBLIOGR?FICAS EM PESQUISAS DA ?REA DE IHC}},
  Author                   = {MUNZLINGER, Elizabete and Narcizo, Fabricio Batista and de Queiroz, JosÈ Eust·quio Rangel},
  Booktitle                = {{Proceedings of the 11 Brazilian Symposium on on Human Factors in Computing Systems}},
  Year                     = {2012},
  Pages                    = {51?54},
  Volume                   = {5138},

  ISBN                     = {9788576692621},
  Url                      = {http://goo.gl/UT0liI}
}

@InProceedings{MURAR2014,
  Title                    = {{Monitoring and controlling of smart equipments using Android compatible devices towards IoT applications and services in manufacturing industry}},
  Author                   = {MURAR, Mircea and Brad, Stelian},
  Booktitle                = {{Proceedings of 2014 IEEE International Conference on Automation, Quality and Testing, Robotics, AQTR 2014}},
  Year                     = {2014},
  Number                   = {4},
  Pages                    = {1?5},

  Doi                      = {10.1109/AQTR.2014.6857841},
  ISBN                     = {9781479937318}
}

@InProceedings{NAHER2008,
  Title                    = {{Global Production: A Handbook for strategy and implementation}},
  Author                   = {NAHER, Eberhard Abele ANDTobias Meyer AND Ulrich and Sykes, Gernot Strube AND Richard},
  Year                     = {2008},
  Pages                    = {p. 410},
  Publisher                = {Springer Berlin Heidelberg},

  ISBN                     = {9783540716525}
}

@InProceedings{NFS2014,
  Title                    = {{Cyber-Physical Systems PROGRAM SOLICITATION NSF 15-541 REPLACES DOCUMENT ( S ):}},
  Author                   = {{NATIONAL SCIENCE FOUNDATION -NFS}},
  Year                     = {2014},
  Pages                    = {1?20}
}

@InProceedings{NEE2012,
  Title                    = {{CIRP Annals - Manufacturing Technology Augmented reality applications in design and manufacturing}},
  Author                   = {NEE, a Y C and Ong, S K and Chryssolouris, G and Mourtzis, D},
  Booktitle                = {{CIRP Annals - Manufacturing Technology}},
  Year                     = {2012},
  Pages                    = {657?679},
  Volume                   = {61},

  Doi                      = {10.1016/j.cirp.2012.05.010}
}

@InProceedings{NEVES2009a,
  Title                    = {{Evolvable production systems}},
  Author                   = {NEVES, P and BARATA, J},
  Booktitle                = {{Assembly and Manufacturing, 2009. ISAM 2009. IEEE International Symposium on}},
  Year                     = {2009},
  Pages                    = {189?195},

  Doi                      = {10.1109/ISAM.2009.5376907}
}

@InProceedings{NEVES2011f,
  Title                    = {{Context and implications of learning in Evolvable Production Systems}},
  Author                   = {NEVES, P and Ferreira, J and Onori, M and Barata, J},
  Booktitle                = {{IECON 2011 - 37th Annual Conference on IEEE Industrial Electronics Society}},
  Year                     = {2011},
  Pages                    = {2740?2745},

  Doi                      = {10.1109/IECON.2011.6119745},
  ISBN                     = {1553-572X},
  Url                      = {file:///C:/Users/SICPE/Desktop/SIAPE_bib/SIAPE_GRUPO CONTROLE/SIAPE_CAL2/ieee/31_IEEE_06119745.pdf}
}

@InProceedings{NEVES2013,
  Title                    = {{Prospection of Methods to Support Design and Configuration of Self-Organizing Mechatronic Systems}},
  Author                   = {NEVES, P and Ferreira, J and Onori, M and Ribeiro, L and Barata, J},
  Booktitle                = {{Systems, Man, and Cybernetics (SMC), 2013 IEEE International Conference on}},
  Year                     = {2013},
  Pages                    = {3854?3861},

  Doi                      = {10.1109/SMC.2013.658}
}

@InProceedings{NIC-USA2008,
  Title                    = {{IoT - SIX DISTUPTE TECHNOLOGIES}},
  Author                   = {NIC-USA},
  Year                     = {2008},
  Pages                    = {1? 48}
}

@InProceedings{NITRD2010,
  Title                    = {{Cybersecurity Game-Change Research \& Development Recommendations}},
  Author                   = {NITRD},
  Year                     = {2010},
  Pages                    = {1?18},

  File                     = {:C$\backslash$:/Users/hiramaral/Desktop/CSIA\_IWG\_ Cybersecurity\_ GameChange\_RD\_ Recommendations\_20100513.pdf:pdf}
}

@Article{NITRDGROUPS2003,
  Title                    = {{Cyber\_Physical\_Systems\_(CPS)\_Vision\_Statement.pdf}},
  Author                   = {Nitrdgroups\_(CPS)\_Vision\_Statement},
  Year                     = {2003},

  Archiveprefix            = {arXiv},
  Arxivid                  = {arXiv:1012.5461v2},
  Doi                      = {10.1515/9781400821334.toc},
  Eprint                   = {arXiv:1012.5461v2},
  ISSN                     = {1505-1773},
  Pmid                     = {19886255}
}

@InCollection{NOERGAARD2005,
  Title                    = {{Chapter 2 - Know Your Standards}},
  Author                   = {NOERGAARD, Tammy},
  Booktitle                = {{Embedded Technology}},
  Publisher                = {Newnes},
  Year                     = {2005},

  Address                  = {Burlington},
  Editor                   = {Noergaard, Tammy B T - Embedded Systems Architecture},
  Pages                    = {17?72},

  Doi                      = {10.1016/B978-075067792-9/50005-4},
  ISBN                     = {978-0-7506-7792-9},
  Url                      = {http://www.sciencedirect.com/science/article/pii/B9780750677929500054}
}

@Misc{NOVAK2013,
  Title                    = {{Architecture of a multi-agent system for SCADA level in smart distributed environments}},

  Author                   = {NOVAK, P and Kadera, P and Vrba, P and Sindelar, R},
  Year                     = {2013},

  Booktitle                = {{Emerging Technologies \& Factory Automation (ETFA), 2013 IEEE 18th Conference on}},
  Doi                      = {10.1109/ETFA.2013.6647950},
  ISBN                     = {1946-0740 VO -},
  Pages                    = {1?8}
}

@InProceedings{OMG1998,
  Title                    = {{OMG Unified Modeling Language Specification}},
  Author                   = {{OBJECT MANAGMENT GROUP (OMG)}},
  Year                     = {1998},
  Number                   = {March}
}

@InProceedings{ONORI2002a,
  Title                    = {{Evolvable Assembly Systems ? A New Paradigm ? Proc. 33rd Int. Symp. Robot., pp. 617?622, 2002.,}},
  Author                   = {ONORI, M.},
  Year                     = {2002}
}

@Article{ONORI2010,
  Title                    = {{Evolvable Production Systems: New domains within mechatronic production equipment}},
  Author                   = {ONORI, M and Barata, J},
  Year                     = {2010},
  Pages                    = {2653?2657},

  Booktitle                = {{Industrial Electronics (ISIE), 2010 IEEE International Symposium on}},
  Doi                      = {10.1109/ISIE.2010.5637827}
}

@Article{ONORI2012,
  Title                    = {{The IDEAS project: plug \&amp; produce at shop-floor level}},
  Author                   = {ONORI, Mauro and Lohse, Niels and Barata, Jose and Hanisch, Christoph},
  Year                     = {2012},
  Pages                    = {124?134},
  Volume                   = {32},

  Booktitle                = {{Assembly Automation}},
  Doi                      = {10.1108/01445151211212280},
  ISBN                     = {0144-5154},
  ISSN                     = {0144-5154}
}

@Article{ONORI2012b,
  Title                    = {{The IDEAS project: plug \& produce at shop-floor level}},
  Author                   = {ONORI, Mauro and Lohse, Niels and Barata, Jose and Hanisch, Christoph},
  Journal                  = {Assembly Automation},
  Year                     = {2012},
  Number                   = {2},
  Pages                    = {124?134},
  Volume                   = {32},

  Url                      = {http://www.emeraldinsight.com/10.1108/01445151211212280}
}

@Article{PADGHAM2005,
  Title                    = {{Adding debugging support to the Prometheus methodology}},
  Author                   = {PADGHAM, Lin and Winikoff, Michael and Poutakidis, David},
  Journal                  = {Engineering Applications of Artificial Intelligence},
  Year                     = {2005},
  Pages                    = {173?190},
  Volume                   = {18},

  Doi                      = {10.1016/j.engappai.2004.11.018},
  ISSN                     = {0952-1976},
  Url                      = {http://www.sciencedirect.com/science/article/pii/S0952197604001873}
}

@Article{PENSERINI2006,
  Title                    = {{From capability specifications to code for multi-agent software}},
  Author                   = {PENSERINI, Loris and Perini, Anna and Susi, Angelo and Mylopoulos, John},
  Journal                  = {Proceedings - 21st IEEE/ACM International Conference on Automated Software Engineering, ASE 2006},
  Year                     = {2006},
  Pages                    = {253?256},

  Doi                      = {10.1109/ASE.2006.38},
  File                     = {:C$\backslash$:/Users/Hiram Amaral3/AppData/Local/Mendeley Ltd/Mendeley Desktop/Downloaded/Penserini-2006-From Capability Spec.pdf:pdf},
  ISBN                     = {0769525792},
  ISSN                     = {1527-1366}
}

@Article{PEREIRA2014,
  Title                    = {{Teste de desempenho para sistemas embarcados cr ? ?ticos : uma Revis ?? ao Sistem ? atica Teste de desempenho para sistemas embarcados cr ? ?ticos : uma Revis ?? ao Sistem ? atica}},
  Author                   = {PEREIRA, Marcos and Santos, Dos},
  Year                     = {2014}
}

@Article{PERUZZINI2014,
  Title                    = {{A QFD-based methodology to support Product-Service design in manufacturing industry}},
  Author                   = {PERUZZINI, Margherita and Marilungo, Eugenia and Germani, Michele},
  Journal                  = {2014 International Ice Conference on Engineering, Technology and Innovation (Ice)},
  Year                     = {2014},

  ISBN                     = {2334-315X},
  Url                      = {<Go to ISI>://WOS:000345855900045}
}

@InProceedings{PORTER1999,
  Title                    = {{A vantagem competitiva das naÁ\~{o}es}},
  Author                   = {PORTER, M.},
  Booktitle                = {{CompetiÁ„o: EstratÈgias Competitivas Essenciais}},
  Year                     = {1999},
  Pages                    = {167?208},

  ISBN                     = {85-7001-758-8}
}

@Misc{PORTER1999a,
  Title                    = {{Michael Porter www.latec.uff.br\_mestrado\_ADE Site\_Texto 14.pdf}},

  Author                   = {PORTER, MICHAEL},
  Year                     = {1999},

  Pages                    = {167?208}
}

@Article{PRANDI2002,
  Title                    = {{Requirements Analysis in Tropos: a Self Referencing Example}},
  Author                   = {PRANDI, D and Priami, C and Quaglia, P},
  Journal                  = {Ru.Is},
  Year                     = {2002}
}

@InProceedings{PRESIDENCIA2014,
  Title                    = {{Discurso da Presidenta da Rep˙blica , Dilma Rousseff , durante a reuni„o do Conselho de CiÍncia e Tecnologia e MobilizaÁ„o Empresarial pela InovaÁ„o ( MEI )}},
  Author                   = {{PRESID\^{E}NCIA DA REP\'{U}BLICA}},
  Year                     = {2014},
  Pages                    = {1?12}
}

@InProceedings{PRESIDENCIA2014a,
  Title                    = {{Decreto 8269 - Plataformas de Conhecimento - PresidÍncia da Rep˙blica}},
  Author                   = {{PRESID\^{E}NCIA DA REP\'{U}BLICA}},
  Year                     = {2014},
  Pages                    = {2?5}
}

@Article{PUTNIK2013,
  Title                    = {{Scalability in manufacturing systems design and operation: State-of-the-art and future developments roadmap}},
  Author                   = {PUTNIK, G and Sluga, A and ElMaraghy, H and Teti, R and Koren, Y and Tolio, T and Hon, B},
  Journal                  = {CIRP Annals - Manufacturing Technology},
  Year                     = {2013},
  Number                   = {2},
  Pages                    = {751?774},
  Volume                   = {62},

  Doi                      = {10.1016/j.cirp.2013.05.002},
  ISBN                     = {0007-8506},
  Keywords                 = {Flexibility; Manufacturing system; Scalability},
  Url                      = {http://www.sciencedirect.com/science/article/pii/S0007850613001923}
}

@Article{QUINTELLA2005,
  Title                    = {{APLICA????O DA TECNOLOGIA DA INFORMA????O NA CUSTOMIZA????O EM MASSA NO SETOR DE TELECOMUNICA??\~{O}ES}},
  Author                   = {QUINTELA, Heitor M. Dario JosÈ Braga Paim Carlos Pestana},
  Year                     = {2005},
  Pages                    = {p. 20}
}

@Article{RALUY2005,
  Title                    = {{LCA Case Studies Life Cycle Assessment of Water Production Technologies Part 2 : Reverse Osmosis Desalination versus the Ebro River Water Transfer}},
  Author                   = {RALUY, R Gemma and Serra, Luis and Uche, Javier and Valero, Antonio},
  Year                     = {2005},
  Pages                    = {346?354}
}

@Misc{RATIONALSOFWARECORPORATION1997,
  Title                    = {{Rational Software Corporation. Unified Modelling Languaje (UML) version 1.0. Rational Software Corporation, 1997.}},

  Author                   = {{RATIONAL SOFWARE CORPORATION}},
  Year                     = {1997}
}

@Article{REDDY2014,
  Title                    = {{Cyber-Physical Systems : Survey}},
  Author                   = {REDDY, Yenumula B},
  Year                     = {2014},
  Number                   = {April 2008},
  Pages                    = {29?41}
}

@Article{REGO2015,
  Title                    = {{Probabilistic Preferences in the Graph Model for Conflict Resolution}},
  Author                   = {REGO, Leandro C and Maria, Andrea},
  Year                     = {2015},
  Pages                    = {1?14},

  File                     = {:C$\backslash$:/Users/Hiram Amaral3/AppData/Local/Mendeley Ltd./Mendeley Desktop/Downloaded/RÍgo, Maria - 2015 - Probabilistic Preferences in the Graph Model for Conflict Resolution.pdf:pdf}
}

@InProceedings{RIBEIRO2010p,
  Title                    = {{An insight into the sialome of blood-feeding Nematocera.}},
  Author                   = {RIBEIRO, JosÈ M C and Mans, Ben J and Arc‡, Bruno},
  Booktitle                = {{Insect biochemistry and molecular biology}},
  Year                     = {2010},
  Month                    = nov,
  Number                   = {11},
  Pages                    = {767?84},
  Volume                   = {40},

  Doi                      = {10.1016/j.ibmb.2010.08.002},
  ISSN                     = {1879-0240},
  Keywords                 = {Animals; Biological Evolution; Diptera; Diptera: genetics; Diptera: metabolism; Feeding Behavior; Insect Proteins; Insect Proteins: metabolism; Saliva; Saliva: metabolism; Species Specificity},
  Pmid                     = {20728537}
}

@Article{RIBEIRO2013,
  Title                    = {{Self-organizing multiagent mechatronic systems in perspective}},
  Author                   = {RIBEIRO, LUIS and BARATA, JOS??},
  Journal                  = {IEEE International Conference on Industrial Informatics (INDIN)},
  Year                     = {2013},
  Pages                    = {392?397},

  Doi                      = {10.1109/INDIN.2013.6622916},
  ISBN                     = {9781479907526},
  ISSN                     = {19354576},
  Url                      = {http://ieeexplore.ieee.org/ielx7/6599026/6622844/06622916.pdf}
}

@InProceedings{RIBEIRO2012k,
  Title                    = {{IMS 10???Validation of a co-evolving diagnostic algorithm for evolvable production systems}},
  Author                   = {RIBEIRO, Luis and Barata, Jose},
  Booktitle                = {{Engineering Applications of Artificial Intelligence}},
  Year                     = {2012},
  Month                    = sep,
  Number                   = {6},
  Pages                    = {1142?1160},
  Volume                   = {25},

  Doi                      = {10.1016/j.engappai.2012.02.008},
  File                     = {:C$\backslash$:/Users/Hiram Amaral3/AppData/Local/Mendeley Ltd/Mendeley Desktop/Downloaded/Ribeiro-2012-IMS 10???Validation of.pdf:pdf},
  ISBN                     = {0952-1976},
  ISSN                     = {09521976},
  Keywords                 = {Agile manufacturing; Distributed diagnostic systems; Mechatronic Agents; Mechatronic networks; Multiagent systems},
  Url                      = {http://www.sciencedirect.com/science/article/pii/S0952197612000450}
}

@InProceedings{RIBEIRO2011d,
  Title                    = {{Re-thinking diagnosis for future automation systems: An analysis of current diagnostic practices and their applicability in emerging IT based production paradigms}},
  Author                   = {RIBEIRO, Luis and Barata, Jose},
  Booktitle                = {{Computers in Industry}},
  Year                     = {2011},
  Number                   = {7},
  Pages                    = {639?659},
  Volume                   = {62},

  Doi                      = {10.1016/j.compind.2011.03.001},
  ISBN                     = {0166-3615}
}

@InProceedings{RIBEIRO2011q,
  Title                    = {{Prospecting tools for mechatronic multiagent-based systems}},
  Author                   = {RIBEIRO, L and Barata, J},
  Booktitle                = {{Industrial Informatics (INDIN), 2011 9th IEEE International Conference on}},
  Year                     = {2011},
  Pages                    = {369?374},

  Doi                      = {10.1109/INDIN.2011.6034904},
  Url                      = {http://ieeexplore.ieee.org/ielx5/6029399/6034824/06034904.pdf?tp=&arnumber=6034904&isnumber=6034824}
}

@InProceedings{RIBEIRO2010o,
  Title                    = {{Exploring the network dimension of diagnosis in Evolvable Production Systems}},
  Author                   = {RIBEIRO, L and Barata, J and Alves, B},
  Booktitle                = {{Emerging Technologies and Factory Automation (ETFA), 2010 IEEE Conference on}},
  Year                     = {2010},
  Pages                    = {1?6},

  Doi                      = {10.1109/ETFA.2010.5641349},
  ISBN                     = {1946-0740}
}

@InProceedings{RIBEIRO2011bk,
  Title                    = {{Diagnosis in Networks of Mechatronic Agents: Validation of a Fault Propagation Model and Performance Assessment}},
  Author                   = {RIBEIRO, L and Barata, J and Alves, B and Ferreira, J},
  Booktitle                = {{Technological Innovation for Sustainability}},
  Year                     = {2011},
  Pages                    = {205?214},
  Volume                   = {349},

  ISBN                     = {1868-4238},
  Keywords                 = {agent-based manufacturing; complex systems; diagnosis; evolvable systems; systems}
}

@InProceedings{RIBEIRO2010f,
  Title                    = {{Global Vs Local: A Comparison of Two Approaches to Perform Diagnosis in Networks of Mechatronic Agents}},
  Author                   = {RIBEIRO, L and Barata, J and Alves, B and Ferreira, J},
  Booktitle                = {{Self-Adaptive and Self-Organizing Systems (SASO), 2010 4th IEEE International Conference on}},
  Year                     = {2010},
  Pages                    = {84?93},

  Doi                      = {10.1109/SASO.2010.36}
}

@InProceedings{RIBEIRO2009,
  Title                    = {{Supporting agile supply chains using a service-oriented shop floor}},
  Author                   = {RIBEIRO, Luis and Barata, Jose and Colombo, Armando},
  Booktitle                = {{Engineering Applications of Artificial Intelligence}},
  Year                     = {2009},
  Month                    = sep,
  Number                   = {6},
  Pages                    = {950?960},
  Volume                   = {22},

  Doi                      = {10.1016/j.engappai.2008.10.023},
  ISSN                     = {09521976}
}

@InProceedings{RIBEIRO2008a,
  Title                    = {{MAS and SOA: A Case Study Exploring Principles and Technologies to Support Self-Properties in Assembly Systems}},
  Author                   = {RIBEIRO, Luis and Barata, Jose and Colombo, Armando},
  Booktitle                = {{Self-Adaptive and Self-Organizing Systems Workshops, 2008. SASOW 2008. Second IEEE International Conference on}},
  Year                     = {2008},
  Pages                    = {192?197},

  Doi                      = {10.1109/SASOW.2008.41},
  ISBN                     = {9780769535531}
}

@InProceedings{RIBEIRO2008l,
  Title                    = {{A generic communication interface for DPWS-based web services}},
  Author                   = {RIBEIRO, L and Barata, J and Colombo, A and Jammes, F},
  Booktitle                = {{Industrial Informatics, 2008. INDIN 2008. 6th IEEE International Conference on}},
  Year                     = {2008},
  Pages                    = {762?767},

  Doi                      = {10.1109/INDIN.2008.4618204},
  File                     = {:C$\backslash$:/Users/Hiram Amaral3/AppData/Local/Mendeley Ltd/Mendeley Desktop/Downloaded/Ribeiro-2008-A generic communicat(7).pdf:pdf},
  ISBN                     = {1935-4576}
}

@Article{RIBEIRO2008c,
  Title                    = {{An architecture for a fault tolerant highly reconfigurable shop floor}},
  Author                   = {RIBEIRO, LuÌs and Barata, JosÈ and Ferreira, Bruno and Pires, Jorge},
  Journal                  = {IEEE International Conference on Industrial Informatics (INDIN)},
  Year                     = {2008},
  Pages                    = {1194?1199},

  Doi                      = {10.1109/INDIN.2008.4618284},
  File                     = {:C$\backslash$:/Users/Hiram Amaral3/AppData/Local/Mendeley Ltd./Mendeley Desktop/Downloaded/Ribeiro et al. - 2008 - An architecture for a fault tolerant highly reconfigurable shop floor.pdf:pdf;:C$\backslash$:/Users/Hiram Amaral3/AppData/Local/Mendeley Ltd/Mendeley Desktop/Downloaded/Ribeiro-2008-An architecture for(10).pdf:pdf},
  ISBN                     = {9781424421718},
  ISSN                     = {19354576}
}

@InProceedings{RIBEIRO2010a,
  Title                    = {{An agent-based interaction-oriented shop floor to support emergent diagnosis}},
  Author                   = {RIBEIRO, L and Barata, J and Ferreira, J},
  Booktitle                = {{Industrial Informatics (INDIN), 2010 8th IEEE International Conference on}},
  Year                     = {2010},
  Pages                    = {189?194},

  Doi                      = {10.1109/INDIN.2010.5549436}
}

@InProceedings{RIBEIRO2010u,
  Title                    = {{Emergent diagnosis for Evolvable Production Systems}},
  Author                   = {RIBEIRO, Luis and Barata, JosÈ and Ferreira, Jo„o},
  Booktitle                = {{Industrial Electronics (ISIE), 2010 IEEE International Symposium on}},
  Year                     = {2010},
  Pages                    = {2647?2652},

  Doi                      = {10.1109/ISIE.2010.5637853},
  ISBN                     = {9781424463923}
}

@InProceedings{RIBEIRO2011a,
  Title                    = {{Self-organization in automation - the IDEAS pre-demonstrator}},
  Author                   = {RIBEIRO, L and Barata, J and Onori, M and Hanisch, C and Hoos, J and Rosa, R},
  Booktitle                = {{IECON 2011 - 37th Annual Conference on IEEE Industrial Electronics Society}},
  Year                     = {2011},
  Pages                    = {2752?2757},

  Doi                      = {10.1109/IECON.2011.6119747},
  ISBN                     = {1553-572X}
}

@InProceedings{RIBEIRO2011,
  Title                    = {{Where evolvable production systems meet complexity science}},
  Author                   = {RIBEIRO, Luis and Barata, Jose and Pimentao, Joao},
  Booktitle                = {{2011 IEEE International Symposium on Assembly and Manufacturing (ISAM)}},
  Year                     = {2011},
  Month                    = may,
  Pages                    = {1?6},
  Publisher                = {IEEE},

  Doi                      = {10.1109/ISAM.2011.5942351},
  ISBN                     = {978-1-61284-342-1},
  Url                      = {http://ieeexplore.ieee.org/lpdocs/epic03/wrapper.htm?arnumber=5942351}
}

@InProceedings{RIBEIRO2011e,
  Title                    = {{IT support of mechatronic networks: A brief survey}},
  Author                   = {RIBEIRO, Luis and Candido, G and Barata, JosÈ and Schuetz, S and Hofmann, A and C‚ndido, Goncalo and Barata, JosÈ and Schuetzy, Steffen and Hofmanny, Andreas},
  Booktitle                = {{Proceedings - ISIE 2011: 2011 IEEE International Symposium on Industrial Electronics}},
  Year                     = {2011},
  Pages                    = {1791?1796},

  Doi                      = {10.1109/ISIE.2011.5984428},
  ISBN                     = {9781424493128}
}

@InProceedings{RIBEIRO2014,
  Title                    = {{A network inference tool for JADE-based systems}},
  Author                   = {RIBEIRO, Luis and Dias-Ferreira, Joao and Moura, Catarina and Barata, Jose},
  Booktitle                = {{2014 12th IEEE International Conference on Industrial Informatics (INDIN)}},
  Year                     = {2014},
  Month                    = jul,
  Pages                    = {398?403},
  Publisher                = {IEEE},

  Doi                      = {10.1109/INDIN.2014.6945546},
  ISBN                     = {978-1-4799-4905-2},
  Url                      = {http://ieeexplore.ieee.org/lpdocs/epic03/wrapper.htm?arnumber=6945546}
}

@InProceedings{RIBEIRO2013a,
  Title                    = {{A study of JADE's messaging RTT performance using distinct message exchange patterns}},
  Author                   = {RIBEIRO, L and Rocha, A and Barata, J},
  Booktitle                = {{Industrial Electronics Society, IECON 2013 - 39th Annual Conference of the IEEE}},
  Year                     = {2013},
  Pages                    = {7410?7415},

  Doi                      = {10.1109/IECON.2013.6700366},
  ISBN                     = {1553-572X}
}

@InProceedings{RIBEIRO2012b,
  Title                    = {{A product handling technical architecture for multiagent-based mechatronic systems}},
  Author                   = {RIBEIRO, L and Rocha, A and Barata, J},
  Booktitle                = {{IECON 2012 - 38th Annual Conference on IEEE Industrial Electronics Society}},
  Year                     = {2012},
  Pages                    = {4342?4347},

  Doi                      = {10.1109/IECON.2012.6389190},
  ISBN                     = {1553-572X}
}

@InProceedings{RIBEIRO2012,
  Title                    = {{A structural analysis of emerging production systems}},
  Author                   = {RIBEIRO, L and Rosa, R and Barata, J},
  Booktitle                = {{Industrial Informatics (INDIN), 2012 10th IEEE International Conference on}},
  Year                     = {2012},
  Pages                    = {223?228},

  Doi                      = {10.1109/INDIN.2012.6301359}
}

@InProceedings{RICHTER2015,
  Title                    = {{Evolvability of Representations in Complex System Engineering : a Survey}},
  Author                   = {RICHTER, Andreas and Botsch, Mario and Menzel, Stefan},
  Year                     = {2015},

  ISBN                     = {9781479974924}
}

@Article{RIGAS2014,
  Title                    = {{Managing Electric Vehicles in the Smart Grid Using Artificial Intelligence : A Survey}},
  Author                   = {RIGAS, Emmanouil S and Member, Student and Ramchurn, Sarvapali D and Bassiliades, Nick},
  Year                     = {2014},
  Pages                    = {1?17}
}

@InProceedings{ROCHA2014,
  Title                    = {{A Multi Agent Architecture to Support Self-organizing Material Handling}},
  Author                   = {ROCHA, Andre and Ribeiro, Luis and Barata, JosÈ},
  Booktitle                = {{Technological Innovation for Collective ?}},
  Year                     = {2014},
  Pages                    = {93?100},
  Publisher                = {Springer Berlin Heidelberg},
  Volume                   = {423},

  Doi                      = {10.1007/978-3-642-54734-8_11},
  ISBN                     = {978-3-642-54733-1},
  Url                      = {http://link.springer.com/chapter/10.1007/978-3-642-54734-8\_11}
}

@Article{ROSA2013c,
  Title                    = {{Assessing self-organization and emergence in Evolvable Assembly Systems (EAS)}},
  Author                   = {ROSA, RPG},
  Year                     = {2013}
}

@Article{ROSSA2013,
  Title                    = {{A abordagem tr?plice h?lice das rela??es entre universidade?ind?stria?governo}},
  Author                   = {ROSSA, Renata Massoli and Garcia, Janaina Renata and Lezana, Alvaro Guillermo Rojas},
  Journal                  = {Simpoi 2013},
  Year                     = {2013},
  Pages                    = {1?16}
}

@Article{ROTONDI2013b,
  Title                    = {{IoT @ Work WP 1 ??? PLUG\&WORK IOT REQUIREMENT ASSESSMENT AND ARCHITECTURE D1.3 ??? Final framework architecture specification}},
  Author                   = {ROTONDI, D and Piccione, S and Altomare, G and Houyou, A M and Gessner, J and Kloukinas, C and Mahbub, K and Trsek, H},
  Year                     = {2013},
  Pages                    = {1?135}
}

@Article{RUIZ2013,
  Title                    = {{Multi-objective Reinforcement Learning }},
  Author                   = {RUIZ-montiel, Manuela},
  Year                     = {2013},
  Pages                    = {1?2},
  Volume                   = {14179},

  Url                      = {http://ewrl.files.wordpress.com/2013/06/ewrl11\_submission\_26.pdf}
}

@Article{RUMBAUGH1991,
  Title                    = {Object-Oriented Modeling and Design},
  Author                   = {RUMBAUGH, James},
  Year                     = {1991}
}

@Book{RUMBAUGH2006,
  Title                    = {Modelagem e objetos baseados em projetos },
  Author                   = {RUMBAUGH, JAMES et all; tradu??o Daniel Vieira.},
  Year                     = {2006},

  Date                     = {2006},
  Optaddendum              = {addendum},
  Optafterword             = {afterword},
  Optannotator             = {annotator},
  Optchapter               = {chapter},
  Optcommentator           = {commentator},
  Optdoi                   = {doi},
  Optedition               = {edition},
  Opteditor                = {CIP -- Brasil},
  Opteditora               = {Elsevier},
  Opteditorb               = {editorb},
  Opteditorc               = {editorc},
  Opteprint                = {eprint},
  Opteprintclass           = {eprintclass},
  Opteprinttype            = {eprinttype},
  Optforeword              = {foreword},
  Optintroduction          = {introduction},
  Optisbn                  = {isbn},
  Optlanguage              = {language},
  Optlocation              = {Rio de Janeiro},
  Optmainsubtitle          = {mainsubtitle},
  Optmaintitle             = {maintitle},
  Optmaintitleaddon        = {maintitleaddon},
  Optnote                  = {note},
  Optnumber                = {number},
  Optoriglanguage          = {origlanguage},
  Optpages                 = {pages},
  Optpagetotal             = {pagetotal},
  Optpart                  = {part},
  Optpublisher             = {publisher},
  Optpubstate              = {pubstate},
  Optseries                = {series},
  Optsubtitle              = {subtitle},
  Opttitleaddon            = {titleaddon},
  Opttranslator            = {translator},
  Opturl                   = {url},
  Opturldate               = {urldate},
  Optvolume                = {volume},
  Optvolumes               = {volumes}
}

@Article{SABAH2012,
  Title                    = {{Visible-Light-Induced Directed Gold Microwires by Self-Organization of Nanoparticles on Aspergillus Niger}},
  Author                   = {SABAH, Aneeqa and Kumar, Prabhat and Mohammed, Waleed S and Dutta, Joydeep},
  Journal                  = {Particle \& Particle Systems Characterization},
  Year                     = {2013},
  Number                   = {5},
  Pages                    = {473?480},
  Volume                   = {30},

  Doi                      = {10.1002/ppsc.201200137},
  File                     = {:C$\backslash$:/Users/Hiram Amaral3/AppData/Local/Mendeley Ltd/Mendeley Desktop/Downloaded/Sabah-2013-Visible-Light-Induce.pdf:pdf},
  ISSN                     = {1521-4117},
  Keywords                 = {Aspergillus niger; colloids; microbial templates; self-organization; visible light},
  Url                      = {http://dx.doi.org/10.1002/ppsc.201200137}
}

@Article{SABAR2009,
  Title                    = {{A multi-agent-based approach for personnel scheduling in assembly centers}},
  Author                   = {SABAR, M and Montreuil, B and Frayret, J M},
  Journal                  = {Eng. Appl. Artif. Intell.},
  Year                     = {2009},
  Number                   = {7},
  Pages                    = {1080?1088},
  Volume                   = {22},

  Doi                      = {10.1016/j.engappai.2009.02.009},
  ISSN                     = {0952-1976}
}

@Article{SABAR2011,
  Title                    = {{An agent-based algorithm for personnel shift-scheduling and rescheduling in flexible assembly lines}},
  Author                   = {SABAR, M and Montreuil, B and Frayret, J.-M. M},
  Journal                  = {J. Intell. Manuf.},
  Year                     = {2011},
  Number                   = {6},
  Pages                    = {1?12},
  Volume                   = {23},

  Doi                      = {10.1007/s10845-011-0582-9},
  File                     = {:C$\backslash$:/Users/Hiram Amaral3/AppData/Local/Mendeley Ltd/Mendeley Desktop/Downloaded/Sabar-2012-An agent-based algor.pdf:pdf},
  ISSN                     = {09565515},
  Keywords                 = {Coalition; Cross-training; Flexible Assembly Lines; Kernel Stability; Multi-agent Systems; Personnel Shift Scheduling And Rescheduling}
}

@Article{SAID2013,
  Title                    = {{Towards internet of things: Survey and future vision}},
  Author                   = {SAID, Omar and Masud, Mehedi},
  Journal                  = {International Journal of Computer Networks},
  Year                     = {2013},
  Number                   = {5},
  Pages                    = {1?17},
  Volume                   = {5},

  File                     = {:G$\backslash$:/000\_MeDSE\_2015/0000\_MeDSE\_QualificaÁ„o/0000\_MeDSE\_ESTADO DA ARTE\_PARADIGMAS/010\_Biblioteca\_IoT/2013\_SAID\_Towards Internet of Things\_Survey and Future Vision.pdf:pdf},
  Keywords                 = {internet of things; ip; rfid; tcp; web applications},
  Url                      = {http://www.cscjournals.org/csc/manuscript/Journals/IJCN/volume5/Issue1/IJCN-265.pdf}
}

@Article{SALAZAR2014,
  Title                    = {{The Future of Industrial Automation and IEC 61499 3 Standard}},
  Author                   = {SALAZAR, Cruz and Luis, A},
  Year                     = {2014},
  Pages                    = {1?5}
}

@InProceedings{SALINAS2013,
  Title                    = {{Internet of Things Architecture Project Deliverable D6 . 1 - Requirements List}},
  Author                   = {SALINAS, Alexander and Release, First Internal and By, Reviewed and Segura, Alexander Salinas and Level, Dissemination},
  Booktitle                = {{Architecture}},
  Year                     = {2013},
  Number                   = {257521}
}

@Article{SAMPAIO2007,
  Title                    = {{Estudos de revis„o sistem·tica: um guia para s?ntese criteriosa da evid?ncia cient?fica}},
  Author                   = {SAMPAIO, Rf and Mancini, Mc},
  Journal                  = {Revista Brasileira de Fisioterapia},
  Year                     = {2007},
  Pages                    = {83?89},
  Volume                   = {11},

  Doi                      = {10.1590/S1413-35552007000100013},
  File                     = {:C$\backslash$:/Users/Hiram Amaral3/AppData/Local/Mendeley Ltd./Mendeley Desktop/Downloaded/Sampaio, Mancini - 2007 - Estudos de revis„o sistem·tica um guia para sÌntese criteriosa da evidÍncia cientÌfica.pdf:pdf},
  ISBN                     = {1413-3555},
  ISSN                     = {1413-3555},
  Keywords                 = {rct; synthesis of the literature; systematic review}
}

@Article{SAYED2013a,
  Title                    = {{Distributed Bayesian diagnosis for modular assembly systems: case study}},
  Author                   = {SAYED, Mohamed Samir and Lohse, Niels},
  Journal                  = {Journal of Manufacturing Systems},
  Year                     = {2013},
  Number                   = {3},
  Pages                    = {480?488},
  Volume                   = {32},

  Doi                      = {10.1016/j.jmsy.2013.03.001},
  ISSN                     = {0278-6125},
  Keywords                 = {Assembly; Bayesian networks; Error diagnosis; Modular design; Multi-agent systems}
}

@InProceedings{SCHLICK2013,
  Title                    = {{Internet das coisas CriaÁ„o aplicaÁ\~{o}es de valor para a Ind˙stria}},
  Author                   = {SCHLICK, J and Ferber, S and Hupp, J},
  Booktitle                = {{Internet das coisas: Convergindo ...}},
  Year                     = {2013},

  Url                      = {http://books.google.com.br/books?hl=pt-BR&lr=lang\_en|lang\_pt&id=rHYGZ0wxLP0C&oi=fnd&pg=PA153&dq=\%22industry+4.0\%22+AND+\%22IOT\%22&ots=NWLtqWrwCs&sig=Xc3oGpAA4CMPhWJ7TYQVnFVPEQs}
}

@Article{SECTI-AM2014,
  Title                    = {{DEPARTAMENTO DE COMUNICA??O CIENT?FICA}},
  Author                   = {SECTI-AM, Ci?NCIA EM Pauta},
  Year                     = {2014},

  File                     = {:C$\backslash$:/Users/Hiram Amaral3/AppData/Local/Mendeley Ltd./Mendeley Desktop/Downloaded/Secti-am - 2014 - DEPARTAMENTO DE COMUNICA????O CIENT??FICA -.pdf:pdf}
}

@InProceedings{SENAI2010,
  Title                    = {{CIMATEC}},
  Author                   = {SENAI},
  Year                     = {2010},
  Pages                    = {p. 63}
}

@Article{SERRANO2012,
  Title                    = {{An approach to debug interactions in multi-agent system software tests}},
  Author                   = {SERRANO, Emilio and MuÒoz, Andres and Botia, Juan},
  Journal                  = {Information Sciences},
  Year                     = {2012},

  Month                    = nov,
  Number                   = {0},
  Pages                    = {38?57},
  Volume                   = {205},

  Doi                      = {10.1016/j.ins.2012.04.001},
  ISSN                     = {0020-0255},
  Keywords                 = {Debugging; Multi-agent systems; Off-line analysis; Testing},
  Url                      = {http://www.sciencedirect.com/science/article/pii/S0020025512002393}
}

@Article{SHAALAN2014,
  Title                    = {{A Survey of Intelligent Language Tutoring Systems}},
  Author                   = {SHAALAN, Khaled and Emran, Mustafa Al},
  Year                     = {2014},
  Pages                    = {393?399},
  ISBN                     = {9781479930807},
  Keywords                 = {arabic langauge; ilts; intelligent language tutoring systems; its; natural language processing}
}

@Article{SHOHAM1990,
  Title                    = {{Agent Oriented Programming???, Stanford University Technical Report STAN-CS-90-1335, Stanford, 1990.}},
  Author                   = {SHOHAM},
  Year                     = {1990},
  Pages                    = {3?8},
  Volume                   = {298}
}

@Article{SHOHAM1993,
  Title                    = {{Agent-oriented programming}},
  Author                   = {SHOHAM, Yoav},
  Year                     = {1993},
  Pages                    = {51?92},
  Volume                   = {60}
}

@Article{SILVA&MOTTA2008,
  Title                    = {{CI??NCIA E TECNOLOGIA NO BRASIL: A LEI DA INOVA????O}},
  Author                   = {{SILVA \& MOTTA}, (FINEP) SÈrgio Murilo Archanjo da Silva and Smsilva@finep.gov.br and (UFF), Ana L˙cia Seroa da Motta and Smsilva@finep.gov.br},
  Year                     = {2008},
  Pages                    = {437?455},
  Volume                   = {21}
}

@InProceedings{SILVA1999,
  Title                    = {{Infrastructures and scheduling method for holonic manufacturing systems}},
  Author                   = {SILVA, N. and Ramos, C.},
  Booktitle                = {{Proceedings of the 1999 IEEE International Symposium on Assembly and Task Planning (ISATP'99) (Cat. No.99TH8470)}},
  Year                     = {1999},

  Doi                      = {10.1109/ISATP.1999.782998},
  ISBN                     = {0-7803-5704-3}
}

@InCollection{SMITH2010,
  Title                    = {{Agent-Directed Simulation for Manufacturing System Engineering}},
  Author                   = {SMITH, Jeffrey S and Sahin, Erdal and Yilmaz, Levent},
  Booktitle                = {{Agent-Directed Simulation and Systems Engineering}},
  Year                     = {2010},
  Pages                    = {451?473},

  Doi                      = {10.1002/9783527627783.ch16},
  ISBN                     = {9783527627783}
}

@InProceedings{SMOYLOVSKAYA2009,
  Title                    = {{The criteria of system development methodology choice for the minimization of the time and resources}},
  Author                   = {SMOYLOVSKAYA, J.},
  Booktitle                = {{2009 5th Central and Eastern European Software Engineering Conference in Russia (CEE-SECR)}},
  Year                     = {2009},
  Month                    = oct,
  Pages                    = {266?271},
  Publisher                = {IEEE},

  Doi                      = {10.1109/CEE-SECR.2009.5501150},
  File                     = {:C$\backslash$:/Users/Hiram Amaral3/AppData/Local/Mendeley Ltd/Mendeley Desktop/Downloaded/Smoylovskaya-2009-The criteria of syst(2).pdf:pdf},
  ISBN                     = {978-1-4244-5664-2},
  Url                      = {http://ieeexplore.ieee.org/lpdocs/epic03/wrapper.htm?arnumber=5501150}
}

@InProceedings{STAMBOLOV2011a,
  Title                    = {{Reconfiguration processes in manufacturing systems on the base of IEC 61499 standard}},
  Author                   = {STAMBOLOV, G and Batchkova, I},
  Booktitle                = {{Intelligent Data Acquisition and Advanced Computing Systems (IDAACS), 2011 IEEE 6th International Conference on}},
  Year                     = {2011},
  Pages                    = {161?166},
  Volume                   = {1},

  Doi                      = {10.1109/IDAACS.2011.6072731}
}

@InProceedings{STANKOVIC2014,
  Title                    = {{Research Directions for the Internet of Things}},
  Author                   = {STANKOVIC, JOHN A.},
  Booktitle                = {{IEEE Internet of Things Journal}},
  Year                     = {2014},
  Number                   = {1},
  Pages                    = {1?1},
  Volume                   = {1},

  Doi                      = {10.1109/JIOT.2014.2312291},
  ISSN                     = {2327-4662},
  Keywords                 = {Actuators; Cyber physical systems; Internet; Internet of Things (IoT); Medical services; Privacy; Real-time systems; Security; Sensors; mobile computing; pervasive computing; wireless sensor networks},
  Shorttitle               = {Internet of Things Journal, IEEE},
  Url                      = {http://ieeexplore.ieee.org/lpdocs/epic03/wrapper.htm?arnumber=6774858}
}

@Article{STRASSER2011,
  Title                    = {{Design and execution issues in IEC 61499 distributed automation and control systems}},
  Author                   = {STRASSERr, Thomas and Zoitl, Alois and Christensen, James H. and S¸nder, Christoph},
  Journal                  = {IEEE Transactions on Systems, Man and Cybernetics Part C: Applications and Reviews},
  Year                     = {2011},
  Pages                    = {41?51},
  Volume                   = {41},

  Doi                      = {10.1109/TSMCC.2010.2067210},
  File                     = {:G$\backslash$:/000\_MeDSE\_2015/0000\_MeDSE\_QualificaÁ„o/0000\_MeDSE\_ESTADO DA ARTE\_Metodologia/000\_MeDSE\_PROJETO\_METODOLOGIA/James Christensen/SMCCSI-09-11-0429\_IEC61499\_DesignIssues.pdf:pdf},
  ISBN                     = {1094-6977},
  ISSN                     = {10946977},
  Keywords                 = {Distributed control system; Holonic Manufacturing System (HMS); IEC 61499; Lower level control approach}
}

@InProceedings{STRAWN2014,
  Title                    = {{THE NETWORKING AND I NFORMATION TECHNOLOGY RESEARCH AND DEVELOPMENT PROGRAM S UPPLEMENT TO THE P RESIDENT ??? S B UDGET}},
  Author                   = {STRAWN, George O},
  Year                     = {2014},
  Number                   = {March}
}

@InProceedings{SUGI2003,
  Title                    = {{A holonic architecture for easy reconfiguration of robotic assembly systems}},
  Author                   = {SUGI, M and Maeda, Y and Aiyama, Y and Harada, T and Arai, T},
  Booktitle                = {{IEEE Transactions on Robotics and Automation}},
  Year                     = {2003},
  Number                   = {3},
  Pages                    = {457?464},
  Volume                   = {19},

  Doi                      = {10.1109/TRA.2003.810241}
}

@Article{SUNDER2008,
  Title                    = {{Transformation of existing IEC 61131-3 automation projects into control logic according to IEC 61499}},
  Author                   = {SUNDER, Christoph and Wenger, Monika and Hanni, Christian and Gosetti, Ivo and Steininger, Heinrich and Fritsche, Josef},
  Journal                  = {IEEE International Conference on Emerging Technologies and Factory Automation, ETFA},
  Year                     = {2008},
  Pages                    = {369?376},

  Doi                      = {10.1109/ETFA.2008.4638420},
  File                     = {:C$\backslash$:/Users/Hiram Amaral3/AppData/Local/Mendeley Ltd./Mendeley Desktop/Downloaded/S¸nder et al. - 2008 - Transformation of existing IEC 61131-3 automation projects into control logic according to IEC 61499.pdf:pdf},
  ISBN                     = {1424415063}
}

@Article{SUNDER2007,
  Title                    = {{Usability and interoperability of IEC 61499 based distributed automation systems}},
  Author                   = {SUNDER, Christoph and Zoitl, Alois and Christensen, James H. and Vyatkin, Valeriy and Brennan, Robert W. and Valentini, Antonio and Ferrarini, Luca and Strasser, Thomas and Martinezlastra, Jose L. and Auinger, Franz},
  Journal                  = {2006 IEEE International Conference on Industrial Informatics, INDIN'06},
  Year                     = {2007},
  Pages                    = {31?37},

  Abstract                 = {.},
  Doi                      = {10.1109/INDIN.2006.275713},
  ISBN                     = {0780397010}
}

@Article{TALEI2014,
  Title                    = {{Applications of Multi-Agent Systems in Smart Grids :}},
  Author                   = {Talei, Hanaa},
  Year                     = {2014},

  File                     = {:C$\backslash$:/Users/hiramaral/Desktop/06911384\_AI\_SG.pdf:pdf},
  ISBN                     = {9781479938247},
  Keywords                 = {- smart grid; distributed; intelligence; multi-agent systems}
}

@InProceedings{TALIB2012,
  Title                    = {{Security Ontology Driven Multi Agent System Architecture for Cloud Data Storage Security : Ontology Development}},
  Author                   = {TALIB, Amir Mohamed and Atan, Rodziah and Abdullah, Rusli and Azrafi, Masrah and Murad, Azmi},
  Booktitle                = {{International Journal of Computer Science and Network Security}},
  Year                     = {2012},
  Number                   = {5},
  Pages                    = {63?72},
  Volume                   = {12},

  Url                      = {http://paper.ijcsns.org/07\_book/201205/20120510.pdf}
}

@Article{TANG2005a,
  Title                    = {{Reactive multi-agent system for assembly cell control}},
  Author                   = {TANG, H P and Wong, T N},
  Journal                  = {Robot. Comput.-Integr. Manuf.},
  Year                     = {2005},
  Number                   = {2},
  Pages                    = {87?98},
  Volume                   = {21},

  Doi                      = {10.1016/j.reim.2004.04.001},
  File                     = {:C$\backslash$:/Users/Hiram Amaral3/AppData/Local/Mendeley Ltd/Mendeley Desktop/Downloaded/Tang-2005-Reactive multi-agent.pdf:pdf},
  ISSN                     = {0736-5845}
}

@Article{THEODOROU2010,
  Title                    = {{A Software-Based Self-Test methodology for in-system testing of processor cache tag arrays}},
  Author                   = {THEODOROU, G. and Kranitis, N. and Paschalis, a. and Gizopoulos, D.},
  Journal                  = {Proceedings of the 2010 IEEE 16th International On-Line Testing Symposium, IOLTS 2010},
  Year                     = {2010},
  Pages                    = {159--164},

  Doi                      = {10.1109/IOLTS.2010.5560214},
  File                     = {:C$\backslash$:/Users/Hiram Amaral3/AppData/Local/Mendeley Ltd./Mendeley Desktop/Downloaded/Theodorou et al. - 2010 - A Software-Based Self-Test methodology for in-system testing of processor cache tag arrays.pdf:pdf},
  ISBN                     = {9781424477227},
  ISSN                     = {1089-3539}
}

@InProceedings{THOMAZ2012,
  Title                    = {{Livro dos Tuto utoriais do XI SimpÛsio io Brasileiro sobre Fato tores Humanos em Sis istemas Computacionais Book of Tu Tutorials of the 11 th Brazilian Bra Symposi sium on Human Factor tors in Computing Co Systems}},
  Author                   = {THOMAZ, Plinio},
  Year                     = {2012}
}

@Article{TIGRE2005,
  Title                    = {{Paradigmas TecnolÛgicos e Teorias EconÙmicas da Firma}},
  Author                   = {TIGRE, Paulo Bastos},
  Journal                  = {Revista Brasileira de InovaÁ„o},
  Year                     = {2005},
  Pages                    = {187--223},
  Volume                   = {4},

  Keywords                 = {Evolucionismo; Paradigmas TecnolÛgicos; Tecnologias da InformaÁ„o e ComunicaÁ„o; Teorias EconÙmicas da Firma}
}

@Article{TOLEDO2012,
  Title                    = {{Aspectizing Java Access Control}},
  Author                   = {TOLEDO, Rodolfo and Nunez, Angel and Tanter, Eric and Noye, Jacques},
  Journal                  = {IEEE TRANSACTIONS ON SOFTWARE ENGINEERING},
  Year                     = {2012},
  Number                   = {1},
  Pages                    = {101?117},
  Volume                   = {38},

  Address                  = {10662 LOS VAQUEROS CIRCLE, PO BOX 3014, LOS ALAMITOS, CA 90720-1314 USA},
  Doi                      = {10.1109/TSE.2011.6},
  ISSN                     = {0098-5589},
  Keywords                 = {Programming languages; security; aspect-oriented p},
  Publisher                = {IEEE COMPUTER SOC},
  Type                     = {Article}
}

@Article{TRAN2003,
  Title                    = {{A Feature Analysis Framework for Evaluating Multi-agent System Development Methodologies}},
  Author                   = {TRAN, Quynh-Nhu and Low, Graham and Williams, Mary-Anne},
  Journal                  = {Foundations of Intelligent Systems},
  Year                     = {2003},
  Pages                    = {613--617}
}

@InProceedings{TRENDS2014,
  Title                    = {{Os Drivers: Da ind?stria 4.0 para Tudo 4.0: De fic??o cient?fica}},
  Author                   = {TRENDS, S},
  Year                     = {2014},

  Url                      = {http://www.ima-zlw-ifu.rwth-aachen.de/fileadmin/user\_upload/INSTITUTSCLUSTER/Publikation\_Medien/Vortraege/download/Society\_4\_0\_KIT\_5March2014.pdf}
}

@Article{TSAI2014,
  Title                    = {{Data mining for internet of things: A survey}},
  Author                   = {TSAI, Chun Wei and Lai, Chin Feng and Chiang, Ming Chao and Yang, Laurence T.},
  Journal                  = {IEEE Communications Surveys and Tutorials},
  Year                     = {2014},
  Number                   = {1},
  Pages                    = {77?97},
  Volume                   = {16},
  Doi                      = {10.1109/SURV.2013.103013.00206},
  ISBN                     = {1553-877X VO - 16},
  ISSN                     = {1553877X},
  Keywords                 = {Internet of Things; data mining}
}

@Article{TYUGU2011,
  Title                    = {{Artificial intelligence in cyber defense}},
  Author                   = {TYUGU, Enn},
  Journal                  = {2011 3rd International Conference on Cyber Conflict},
  Year                     = {2011},
  Pages                    = {1--11},

  ISBN                     = {978-1-61284-245-5},
  Keywords                 = {applied artificial intelligence; expert systems in cyber defense; intelligent cyber defense methods; neural nets in cyber defense}
}

@InProceedings{UEDA1992,
  Title                    = {{A Concept for Bionic Manufacturing Systems Based on DNA-type Information, PROLAMAT Conference, Man in CIM. Tokyo, Japan, 24-26 June 1992.- pp. 853-863, 1992.}},
  Author                   = {UEDA, Kanji},
  Booktitle                = {{Proceedings of the IFIP TC5 / WG5.3 Eight International PROLAMAT Conference on Human Aspects in Computer Integrated Manufacturing}},
  Year                     = {1992},
  Pages                    = {853--863}
}

@Article{URKEN2012,
  Title                    = {{Designing evolvable systems in a framework of robust, resilient and sustainable engineering analysis}},
  Author                   = {URKEN, Arnold B and Nimz, Arthur and Schuck, Tod M and Buck, Arthur and Schuck, Tod M},
  Journal                  = {Advanced Engineering Informatics},
  Year                     = {2012},
  Pages                    = {553--562},
  Volume                   = {26},

  Doi                      = {10.1016/j.aei.2012.05.006},
  ISSN                     = {14740346},
  Publisher                = {Elsevier Ltd}
}

@Book{USLAR2013,
  Title                    = {{Standardization in Smart Grids: Introduction to IT-Related Methodologies, Architectures and Standards}},
  Author                   = {USLAR, Mathias and Specht, Michael and D‰nekas, Christian and Trefke, Jˆrn and Rohjans, Sebastian and Gonz·lez, JosÈ M. and Rosinger, Christine and Bleiker, Robert},
  Year                     = {2013},
  Volume                   = {71},

  Booktitle                = {{Power Systems}},
  Doi                      = {10.1007/978-3-642-34916-4},
  ISBN                     = {9783642349157},
  ISSN                     = {16121287}
}

@InProceedings{VAARIO1998,
  Title                    = {{Biological concept of self-organization for dynamic shop-floor configuration}},
  Author                   = {VAARIO, Jari and Ueda, Kanji and Nada, Rokko},
  Year                     = {1998},
  Publisher                = {North-Holland Publishing Co.}
}

@InProceedings{VALCKENAERS1995,
  Title                    = {{Programming, scheduling, and control of flexible assembly systems}},
  Author                   = {VALCKENAERS, P and {Van Brussel}, H and Bongaerts, L and Bonneville, F},
  Booktitle                = {{Computers in Industry}},
  Year                     = {1995},
  Number                   = {3},
  Pages                    = {209?218},
  Volume                   = {26},

  Doi                      = {10.1016/0166-3615(95)00013-T},
  ISSN                     = {0166-3615},
  Keywords                 = {CIME; Control; Holonic systems; Multi-agent systems; Scheduling}
}

@InProceedings{VANBRUSSEL1998,
  Title                    = {{Reference architecture for holonic manufacturing systems: PROSA}},
  Author                   = {{VAN BRUSSEL}, Hendrik and Wyns, Jo and Valckenaers, Paul and Bongaerts, Luc and Peeters, Patrick},
  Booktitle                = {{Computers in Industry}},
  Year                     = {1998},
  Pages                    = {255?274},
  Volume                   = {37},

  Doi                      = {10.1016/S0166-3615(98)00102-X},
  ISBN                     = {0166-3615},
  ISSN                     = {01663615},
  Keywords                 = {cim; holonic manufacturing system; ims; reference architecture; shop floor control}
}

@Article{SCHUPPEN2011,
  Title                    = {{Control of Distributed Systems: Tutorial and Overview}},
  Author                   = {{VAN SCHUPPEN}, Jan H and Boutin, Olivier and Kempker, Pia I and Komenda, Jan and Masopust, Tomas and Pambakian, Nicola and Ran, AndrÈ C M},
  Journal                  = {European Journal of Control},
  Year                     = {2011},
  Pages                    = {579?602},
  Volume                   = {17},

  Doi                      = {10.3166/ejc.17.579-602},
  ISSN                     = {09473580}
}

@Article{VILLAIOT2010,
  Title                    = {IoT@ Work},
  Author                   = {Villa, M and Rotondi, D and Comolli, M and Seccia, C and Huth, HP and Kloukinas, C and Trsek, H and Claessens, J}
}

@InProceedings{ROMAN2002,
  Title                    = {{Tema 1 Brief History of Artificial Intelligence by}},
  Author                   = {VILLENA, ROMAN Julio and GARCIA, Raquel M Crespo},
  Year                     = {2002}
}

@Misc{VRBA2011,
  Title                    = {{Rockwell Automation\&\#x0027;s Holonic and Multiagent Control Systems Compendium}},

  Author                   = {VRBA, P and Tichy\&\#x0301;, P and Mark, V and Hall, K H and Staron, R J and Maturana, F P and Kadera, P},
  Year                     = {2011},

  Booktitle                = {{Systems, Man, and Cybernetics, Part C: Applications and Reviews, IEEE Transactions on}},
  Doi                      = {10.1109/TSMCC.2010.2055852},
  ISBN                     = {1094-6977 VO - 41},
  Number                   = {1},
  Pages                    = {14?30},
  Volume                   = {41}
}

@Article{VYATKIN2011,
  Title                    = {{IEC 61499 as Enabler of Distributed and Intelligent Automation: State-of-the-Art Review}},
  Author                   = {VYATKIN, V},
  Journal                  = {Industrial Informatics, IEEE Transactions on},
  Year                     = {2011},
  Number                   = {4},
  Pages                    = {768?781},
  Volume                   = {7},

  Doi                      = {10.1109/TII.2011.2166785},
  ISBN                     = {1551-3203},
  Url                      = {http://ieeexplore.ieee.org/xpl/articleDetails.jsp?arnumber=6021366}
}

@Article{VYATKIN2009,
  Title                    = {{The IEC 61499 standard and its semantics - Bridging the Gap Between PLC Programming Languages and Distributed Systems}},
  Author                   = {VYATKIN, Valeriy},
  Journal                  = {Industrial Electronics Magazine, IEEE},
  Year                     = {2009},
  Number                   = {December 2009},
  Pages                    = {40?48},
  Volume                   = {3},

  Url                      = {http://ieeexplore.ieee.org/xpl/articleDetails.jsp?arnumber=5352482}
}

@Article{VYATKIN2013a,
  Title                    = {{Software Engineering in Industrial Automation :}},
  Author                   = {VYATKIN, VALERY Valeriy VALERY},
  Journal                  = {Industrial Informatics, IEEE Transactions on},
  Year                     = {2013},

  Month                    = aug,
  Number                   = {3},
  Pages                    = {1234?1249},
  Volume                   = {9},

  Doi                      = {10.1109/TII.2013.2258165},
  Shorttitle               = {Industrial Informatics, IEEE Transactions on},
  Url                      = {file:///C:/Users/SICPE/Desktop/SIAPE_bib/SIAPE_GRUPO CONTROLE/SIAPE_CAL2/ieee/33_IEEE_06502240.pdf}
}

@InProceedings{WANG2014a,
  Title                    = {{Inaugural Editorial}},
  Author                   = {WANG, C. and Kato, N.},
  Booktitle                = {{IEEE Internet of Things Journal}},
  Year                     = {2014},
  Month                    = feb,
  Number                   = {1},
  Pages                    = {1?2},
  Volume                   = {1},

  ISSN                     = {2327-4662},
  Shorttitle               = {Internet of Things Journal, IEEE},
  Url                      = {http://ieeexplore.ieee.org/lpdocs/epic03/wrapper.htm?arnumber=6810976}
}

@Article{WANG2014b,
  Title                    = {{A hybrid multi-agent negotiation protocol supporting agent mobility in virtual enterprises}},
  Author                   = {WANG, Gong and Wong, T N and Wang, Xiaohuan},
  Journal                  = {Information Sciences},
  Year                     = {2014},

  Month                    = oct,
  Pages                    = {1?14},
  Volume                   = {282},

  Doi                      = {10.1016/j.ins.2014.06.021},
  ISSN                     = {0020-0255},
  Url                      = {http://www.sciencedirect.com/science/article/pii/S0020025514006495}
}

@InProceedings{WANG2014,
  Title                    = {{Distributed Online Algorithm for Optimal Real-time Energy Distribution in the Smart Grid}},
  Author                   = {WANG, Yu and Mao, Shiwen and Nelms, R.},
  Booktitle                = {{IEEE Internet of Things Journal}},
  Year                     = {2014},
  Number                   = {1},
  Pages                    = {1?1},
  Volume                   = {1},

  ISSN                     = {2327-4662},
  Url                      = {http://ieeexplore.ieee.org/lpdocs/epic03/wrapper.htm?arnumber=6737280}
}

@InProceedings{WATERMAN2014,
  Title                    = {{The RISC-V Instruction Set Manual}},
  Author                   = {WATERMAN, Andrew and Lee, Yunsup and Patterson, David},
  Year                     = {2014},
  Volume                   = {I}
}

@Article{WEHRMEISTER2008a,
  Title                    = {{GenERTiCA: A tool for code generation and aspects weaving}},
  Author                   = {WEHRMEISTER, Marco a. and Freitas, Edison P. and Pereira, Carlos E. and Rammig, Franz},
  Journal                  = {Proceedings - 11th IEEE Symposium on Object/Component/Service-Oriented Real-Time Distributed Computing, ISORC 2008},
  Year                     = {2008},
  Pages                    = {234?238},

  Doi                      = {10.1109/ISORC.2008.67},
  ISBN                     = {9780769531328}
}

@Article{WENGER2012a,
  Title                    = {{Re-use of IEC 61131-3 structured text for IEC 61499}},
  Author                   = {WENGER, Monika and Zoitl, Alois},
  Journal                  = {2012 IEEE International Conference on Industrial Technology, ICIT 2012, Proceedings},
  Year                     = {2012},
  Pages                    = {78?83},

  Doi                      = {10.1109/ICIT.2012.6209917},
  ISBN                     = {9781467303422}
}

@Article{WENGER2009,
  Title                    = {{Semantic correct transformation of IEC 61131-3 models into the IEC 61499 standard}},
  Author                   = {WENGER, Monika and Zoitl, Alois and S¸nder, Christoph and Steininger, Heinrich},
  Journal                  = {ETFA 2009 - 2009 IEEE Conference on Emerging Technologies and Factory Automation},
  Year                     = {2009},

  Doi                      = {10.1109/ETFA.2009.5347144},
  ISBN                     = {9781424427284},
  ISSN                     = {1946-0759}
}

@Article{WERNECK2007a,
  Title                    = {{Evaluating ADELFE Methodology in the Requirements Identification}},
  Author                   = {WERNECK, V M B and Kano, a Y and Cysneiros, L M},
  Journal                  = {Wer},
  Year                     = {2007}
}

@Article{WERNECK2011,
  Title                    = {{Modelling Multi-Agent System using Different Methodologies}},
  Author                   = {WERNECK, Vera Maria B and Maria, Rosa and Costa, E Moreira},
  Journal                  = {Multi-Agent Systems - Modeling, Interactions, Simulations and Case Studies},
  Year                     = {2011},
  Volume                   = {2},

  ISBN                     = {978-953-307-176-3}
}

@Article{WERNECK2005,
  Title                    = {{Uma AvaliaÁ„o da Metodologia MAS-CommonKADS}},
  Author                   = {WERNECK, V M B and Pereira, L F and Silva, T S and Almentero, E K and Cysneiros, L M},
  Journal                  = {Dados},
  Year                     = {2005}
}

@InProceedings{WHITMORE2014,
  Title                    = {{The Internet of Things-A survey of topics and trends}},
  Author                   = {WHITMORE, Andrew and Agarwal, Anurag and {Da Xu}, Li},
  Booktitle                = {{Information Systems Frontiers}},
  Year                     = {2014},
  Pages                    = {1?14},

  Doi                      = {10.1007/s10796-014-9489-2},
  ISBN                     = {1387-3326},
  ISSN                     = {13873326}
}

@Book{WHYBREW2001,
  Title                    = {{Use of design tools and methodologies for rapid product development in the New Zealand manufacturing industry}},
  Author                   = {WHYBREW, K and Shaw, A and Aitchison, D and Raine, J},
  Editor                   = {Culley, S and Duffy, A and McMahon, C and Wallace, K},
  Year                     = {2001},

  Booktitle                = {{Design Applications in Industry and Education}},
  ISBN                     = {1-86058-357-1},
  Pages                    = {27?34},
  Url                      = {<Go to ISI>://WOS:000172695000004}
}

@Article{WIENDAHL1994,
  Title                    = {{Management and Control of Complexity in Manufacturing}},
  Author                   = {WIENDAHL, H. P. and Scholtissek, P.},
  Journal                  = {CIRP Annals - Manufacturing Technology},
  Year                     = {1994},
  Number                   = {I},
  Pages                    = {533?540},
  Volume                   = {43},

  Doi                      = {10.1016/S0007-8506(07)60499-5},
  ISBN                     = {0007-8506},
  ISSN                     = {00078506}
}

@InProceedings{WYNS1999,
  Title                    = {{Design pattern for deadlock handling in holonic manufacturing systems}},
  Author                   = {WYNS, Jo and {Van Brussel}, Hendrik and Valckenaers, Paul},
  Booktitle                = {{Production Planning \& Control}},
  Year                     = {1999},
  Pages                    = {616?626},
  Volume                   = {10},

  Doi                      = {10.1080/095372899232696},
  ISSN                     = {0953-7287}
}

@Article{YU2015,
  Title                    = {{Multiagent Learning of Coordination in Loosely Coupled Multiagent Systems}},
  Author                   = {Yu, Chao and Zhang, Minjie and Member, Senior and Ren, Fenghui and Tan, Guozhen},
  Year                     = {2015},
  Pages                    = {1?15}
}

@Article{ZAMBONELLI2003,
  Title                    = {{Developing multiagent systems: the Gaia Methodology}},
  Author                   = {Zambonelli, F. and Jennings, N. R. and Wooldridge, M.},
  Year                     = {2003},
  Number                   = {3},
  Pages                    = {317?370},
  Volume                   = {12},

  Doi                      = {10.1145/958961.958963},
  ISSN                     = {1049-331X},
  Url                      = {http://eprints.soton.ac.uk/258540/}
}

@InProceedings{ZANELLA2014,
  Title                    = {{Internet of Things for Smart Cities}},
  Author                   = {ZANELLA, Andrea and Bui, Nicola and Castellani, Angelo and Vangelista, Lorenzo and Zorzi, Michele},
  Booktitle                = {{IEEE Internet of Things Journal}},
  Year                     = {2014},
  Number                   = {1},
  Pages                    = {1?1},
  Volume                   = {1},

  Doi                      = {10.1109/JIOT.2014.2306328},
  ISSN                     = {2327-4662},
  Url                      = {http://ieeexplore.ieee.org/lpdocs/epic03/wrapper.htm?arnumber=6740844}
}

@Article{ZATO2012,
  Title                    = {{Model for assigning roles automatically in egovernment virtual organizations}},
  Author                   = {Zato, Carolina and {De Paz}, Juan F and de Luis, Ana and Bajo, Javier and Corchado, Juan M},
  Journal                  = {Expert Systems with Applications},
  Year                     = {2012},

  Month                    = sep,
  Number                   = {12},
  Pages                    = {10389?10401},
  Volume                   = {39},

  Doi                      = {10.1016/j.eswa.2012.01.185},
  ISSN                     = {0957-4174},
  Url                      = {http://www.sciencedirect.com/science/article/pii/S0957417412002138}
}

@Article{ZHA2006,
  Title                    = {{Integration of the STEP-based assembly model and XML schema with the fuzzy analytic hierarchy process (FAHP) for muti-agent based assembly evaluation}},
  Author                   = {Zha, Xuan},
  Journal                  = {Journal of Intelligent Manufacturing},
  Year                     = {2006},
  Number                   = {5},
  Pages                    = {527?544},
  Volume                   = {17},

  Address                  = {Boston},
  Doi                      = {10.1007/s10845-006-0031-3},
  ISSN                     = {0956-5515}
}

@InProceedings{ZHANG2014,
  Title                    = {{PriWhisper: Enabling Keyless Secure Acoustic Communication for Smartphones}},
  Author                   = {Zhang, Bingsheng and Zhan, Qin and Chen, Si and Li, Muyuan and Ren, Kui and Wang, Cong and Ma, Di},
  Booktitle                = {{IEEE Internet of Things Journal}},
  Year                     = {2014},
  Number                   = {1},
  Pages                    = {1?1},
  Volume                   = {1},

  ISSN                     = {2327-4662},
  Url                      = {http://ieeexplore.ieee.org/lpdocs/epic03/wrapper.htm?arnumber=6704727}
}

@Article{ZHANG2012,
  Title                    = {{A multi-agent-based decision support system for bankruptcy contagion effects}},
  Author                   = {Zhang, Jinyu and Cheng, Lin and Wang, Huaiqing},
  Journal                  = {Expert Systems with Applications},
  Year                     = {2012},

  Month                    = apr,
  Pages                    = {5920?5934},
  Volume                   = {39},

  Doi                      = {10.1016/j.eswa.2011.11.112},
  ISSN                     = {0957-4174},
  Url                      = {http://www.sciencedirect.com/science/article/pii/S0957417411016587}
}

@InProceedings{ZHANG2014a,
  Title                    = {{Defending Connected Vehicles Against Malware: Challenges and a Solution Framework}},
  Author                   = {Zhang, Tao and Antunes, Helder and Aggarwal, Siddhartha},
  Booktitle                = {{IEEE Internet of Things Journal}},
  Year                     = {2014},
  Number                   = {1},
  Pages                    = {1?1},
  Volume                   = {1},

  ISSN                     = {2327-4662},
  Url                      = {http://ieeexplore.ieee.org/lpdocs/epic03/wrapper.htm?arnumber=6720160}
}

@Article{ZHAO2013,
  Title                    = {{A survey on the internet of things security}},
  Author                   = {Zhao, Kai and Ge, Lina},
  Journal                  = {Proceedings - 9th International Conference on Computational Intelligence and Security, CIS 2013},
  Year                     = {2013},
  Pages                    = {663?667},

  Doi                      = {10.1109/CIS.2013.145},
  ISBN                     = {9781479925483}
}

@InProceedings{ZHU2013,
  Title                    = {{Networked Cyber-Physical Systems : Interdependence , Resilience and Information Exchange}},
  Author                   = {Zhu, Quanyan and Bushnell, Linda},
  Year                     = {2013},
  Pages                    = {763?769},

  ISBN                     = {9781479934102}
}

@InProceedings{ZOU2013,
  Title                    = {{An RFID indoor positioning system by using weighted path loss and extreme learning machine}},
  Author                   = {Zou, Han and Wang, Hengtao and Xie, Lihua and Jia, Qing-Shan},
  Booktitle                = {{2013 IEEE 1st International Conference on Cyber-Physical Systems, Networks, and Applications (CPSNA)}},
  Year                     = {2013},
  Month                    = aug,
  Pages                    = {66--71},
  Publisher                = {IEEE},

  Doi                      = {10.1109/CPSNA.2013.6614248},
  ISBN                     = {978-1-4799-0798-4}
}

@Article{ZUC2014,
  Title                    = {{Hard Sciences, Biomedical and Engineering}},
  Author                   = {ZUCOLOTTO, VALTENCIR},
  Year                     = {2014},

  Url                      = {http://www.escritacientifica.com/en/}
}

@Misc{BOOCH1991,
  Title                    = {. Grady Booch. Object-Oriented Design with Applications. Benjamin/Cummings, Redwood City, CA, 1991.}
}
