%% This BibTeX bibliography file was created using BibDesk.
%% http://bibdesk.sourceforge.net/

%% Created for Leonardo Almeida silva ferreira at 2017-08-04 08:49:58 -0300 


%% Saved with string encoding Unicode (UTF-8) 



@inproceedings{http://hdl.handle.net/10183/18420,
	Author = {Silva, M{\'a}rcio Albuquerque Moreira da },
	Date-Added = {2017-08-04 01:57:01 +0000},
	Date-Modified = {2017-08-04 01:59:44 +0000},
	Title = {Rede de sensores para aplica{\c c}{\~a}o em agricultura : um estudo de caso},
	Year = {2009}}

@article{002840382,
	Author = {Ueyama, J{\'o} and Fai{\c c}al, Bruno S. and Mano, Leandro Y. and Bayer, Guilherme and Pessin, Gustavo and Gomes, Pedro H},
	Booktitle = {Computers, Environment and Urban Systems},
	Date-Added = {2017-08-04 01:39:33 +0000},
	Date-Modified = {2017-08-04 01:40:05 +0000},
	Doi = {10.1016/j.compenvurbsys.2017.05.001},
	Isbn = {0198-9715},
	Pages = {41-52},
	Pp = {Amsterdam},
	Publisher = {Elsevier},
	Title = {Enhancing reliability in Wireless Sensor Networks for adaptive river monitoring systems: reflections on their long-term deployment in Brazil},
	Ty = {JOUR},
	Url = {http://dx.doi.org/10.1016/j.compenvurbsys.2017.05.001},
	Volume = {65},
	Year = {2017},
	Bdsk-Url-1 = {http://dx.doi.org/10.1016/j.compenvurbsys.2017.05.001}}
